1928 2884
780 130 1058 169 „12-

178 255 390 307 Ulpiani¹),
422 254 489 292 ubi
511 261 655 295 exstat:
693 251 756 292 susi
786 265 864 307 quo
898 251 1097 302 constitit,
1130 265 1208 291 non
1243 249 1336 291 dico
1358 251 1447 291 iure
1472 249 1678 301 domicilii,

181 328 252 364 sed
284 321 614 366 tabernaculum,
652 319 897 375 peryulam,
929 318 1144 364 horreum,
1178 322 1431 369 armarium,
1465 318 1677 372 officinam

178 390 379 432 conclusit
409 389 549 444 ibique
578 387 799 437 distraxit,
834 388 929 442 eyit,
964 386 1187 442 defendere
1218 401 1260 426 se
1292 401 1337 427 eo
1371 386 1457 427 loco
1481 385 1679 426 debebit«.

177 464 295 503 Unde
325 461 487 500 efficitur
517 458 819 498 consistentibus
850 472 948 505 non,
989 466 1030 497 ut
1073 458 1234 506 incolis,
1266 459 1326 496 ius
1360 456 1549 495 domicilii
1580 469 1680 507 opus

176 530 311 577 fuisse,
353 530 420 568 sed
452 528 546 566 nihil
578 527 688 566 aliud
720 527 900 567 debuisse
940 527 979 565 in
1011 540 1056 566 ea
1087 528 1204 574 urbe,
1247 527 1285 565 in
1318 539 1397 576 qua
1434 525 1678 573 habitabant,

175 598 248 636 nisi
279 598 337 636 ius
367 604 507 647 petere.
570 599 630 634 Ex
661 596 839 635 eiusdem
871 604 1001 634 autern
1044 595 1134 634 iuris
1174 594 1343 634 consulti
1374 594 1504 633 verbis
1545 594 1584 632 in
1615 607 1677 633 eo-

174 667 265 704 dem
298 665 422 715 capite
444 665 695 716 Digestorum
727 666 844 714 paulo
877 671 991 702 antea
1021 664 1158 714 positis
1170 660 1201 709 ²)
1235 671 1397 714 apparet
1427 663 1543 701 etiam
1577 662 1681 702 cives

173 736 388 781 Romanos,
421 734 542 771 altera
573 734 741 771 formula
773 732 1023 783 significatos,
1057 732 1078 770 i.
1103 745 1135 771 e.
1169 732 1300 771 verbis
1339 729 1441 784 »qui
1466 729 1679 784 neyotian-

174 807 294 850 tur«,
342 815 481 852 graece
527 800 588 840 »οἱ
629 799 1015 855 πραγματευόμενοι
1054 800 1109 853 (οἱ
1146 798 1680 854 συμπραγματευόμενηκι),

178 869 237 908 »οἱ
269 867 561 922 ἐρχαζόμενοια
599 872 732 921 aliquo
764 872 866 920 loco,
904 893 950 897 -—
989 883 1090 921 quae
1122 872 1289 909 formula
1319 882 1409 910 cum
1447 870 1552 920 apud
1590 869 1679 909 scri-

172 947 323 990 ptoreS,
367 947 449 978 tum
482 940 521 978 in
552 939 672 978 titulis
711 940 934 978 admodum
965 940 1194 989 pervulgata
1232 946 1312 986 est,
1367 961 1415 966 —
1470 938 1573 977 idem
1617 939 1682 977 de-

172 1008 314 1054 buisse,
348 1007 371 1046 i.
405 1021 437 1049 e.
471 1008 524 1046 ibi
557 1022 597 1046 se
629 1009 857 1054 defendere,
891 1007 957 1046 ubi
988 1007 1144 1058 negotia
1174 1005 1418 1058 gerebant3).
1481 1007 1600 1045 Unde
1631 1007 1682 1045 ci-

172 1090 238 1115 ves
270 1079 475 1116 Romanos
509 1077 564 1116 sic
595 1078 812 1128 appellatos
854 1077 970 1115 etiam
1004 1076 1262 1115 consistentes
1293 1076 1437 1115 alicubi
1475 1075 1591 1115 fuisse
1629 1075 1682 1114 in·

172 1146 372 1197 tellegitur.
437 1147 514 1186 Sed
546 1146 741 1186 eiusmodi
772 1146 811 1185 in
842 1145 962 1185 titulis
995 1146 1204 1184 verborum
1241 1143 1518 1198 »neyote'ari«,
1557 1157 1683 1197 »πρα-

173 1212 475 1266 γματεύεσῦαω
514 1215 572 1254 vis
594 1216 689 1255 mihi
713 1217 828 1255 latius
851 1222 981 1266 patere
1003 1214 1166 1262 videtur,
1200 1226 1319 1264 quam
1343 1214 1514 1253 nominis
1542 1226 1682 1266 »neqo-

176 1281 352 1332 tiator«,
393 1284 446 1323 ita
477 1292 518 1323 ut
549 1298 686 1324 omnes
724 1285 915 1331 Romani,
959 1283 1026 1334 qui
1057 1294 1313 1333 quocumque
1344 1283 1467 1321 modo
1498 1289 1682 1332 quaestus

173 1352 211 1391 in
252 1354 391 1392 eodem
435 1353 724 1404 provinciarum
767 1353 918 1403 oppido
968 1352 1185 1399 faciebant,
1233 1351 1285 1390 ibi
1332 1350 1576 1402 negotiantes
1622 1352 1682 1389 vel

178 1421 561 1475 γῃοαγματευύμενοι
612 1423 689 1461 dici
739 1419 994 1473 potuerint4).
1071 1422 1205 1459 Verbo
1265 1417 1493 1457 »mercari«
1550 1425 1680 1457 autem

176 1491 348 1530 similiter
379 1504 469 1530 usus
501 1499 558 1530 est
591 1491 797 1530 Sallustius
829 1504 876 1529 eo
907 1492 1016 1537 loco,
1044 1490 1123 1529 'ubi
1155 1489 1194 1527 in
1227 1488 1491 1527 describendo
1532 1487 1680 1538 oppido

175 1563 289 1612 Vaga
319 1560 544 1610 provinciae
579 1560 731 1598 Africae
762 1559 938 1603 Italicos,
973 1558 1038 1607 qui
1070 1558 1124 1596 ibi
1156 1558 1431 1603 morabantur,
1463 1555 1522 1594 his
1557 1555 1681 1594 verbis

175 1629 371 1668 laudavit:
425 1627 521 1666 »ubi
550 1635 586 1666 et
619 1625 798 1666 incolere
831 1632 868 1665 et
900 1625 1081 1666 mercari
1111 1630 1407 1665 consueverant
1439 1622 1594 1663 Italici
1615 1636 1682 1676 qe:

177 1696 290 1736 neris
322 1696 445 1736 multi
477 1695 694 1736 mortales<
715 1695 760 1746 ⁵).
823 1696 939 1735 Varie
970 1709 1130 1746 quoque
1169 1695 1207 1734 in
1237 1695 1385 1746 graecis
1423 1694 1543 1733 titulis
1574 1705 1684 1744 prae-

176 1775 233 1806 ter
264 1781 331 1813 ea,
375 1780 477 1818 quae
510 1767 586 1806 iarn
617 1768 841 1813 attulimus,
885 1766 1141 1805 consistentes
1181 1763 1352 1803 Romani
1395 1762 1681 1809 describuntur,

179 1838 286 1874 velut
323 1835 548 1886 saepissime
594 1836 632 1874 in
669 1836 829 1875 deliacis
868 1836 989 1874 verbo
1040 1832 1099 1871 »οἱ
1139 1827 1548 1886 παρεπιδημοῦνῑες«
1599 1830 1683 1879 (aut

185 1902 246 1941 »οἱ
293 1900 654 1957 ἐπιδημοῦντεᾳ),
711 1911 776 1942 aut
828 1901 887 1940 »οἱ
933 1898 1236 1954 ἐνκεκτημένοια
1282 1900 1320 1939 in
1358 1900 1470 1938 titulo
1512 1901 1682 1938 Beroeae

181 1970 535 2024 Macedonicae6),
587 1980 653 2011 aut
703 1970 763 2010 »οἳ
809 1969 1101 2022 ἐνγαροῦντεςα
1158 1970 1197 2008 in
1238 1969 1327 2009 Elio
1367 1969 1577 2019 Olympiae
1626 1968 1684 2006 in-

296 2097 322 2139 1)
347 2095 428 2139 Dig.
455 2098 486 2139 5,
516 2098 543 2139 1,
574 2098 624 2130 19.
651 2098 673 2130 2
697 2110 740 2125 =
765 2094 890 2138 Lenel,
915 2093 1142 2137 Palingenes.
1169 2093 1235 2128 iur.
1264 2092 1328 2126 civ.
1353 2091 1387 2126 II
1413 2102 1446 2136 p.
1463 2091 1538 2126 782.

299 2153 327 2196 2)
352 2152 433 2196 Dig.
460 2156 492 2196 5,
521 2155 550 2196 l,
580 2155 636 2187 19.
665 2155 699 2187 1:
740 2154 791 2186 »si
821 2153 903 2197 quis
934 2151 1088 2185 tutelam
1121 2150 1175 2184 vel
1203 2161 1330 2184 curam
1366 2148 1421 2183 vel
1451 2147 1600 2194 περσεία
1630 2146 1684 2180 vel

182 2210 441 2255 argentariam
469 2210 524 2243 vel
548 2210 639 2254 quid
665 2209 790 2253 aliud,
823 2209 923 2242 unde
949 2208 1123 2254 obliyatio
1150 2208 1282 2247 oritur,
1309 2211 1402 2240 certo
1428 2206 1496 2240 loci
1521 2205 1685 2239 admini-

180 2267 335 2301 stravit.-
362 2268 425 2301 etsi
451 2267 500 2300 ibi
526 2266 751 2301 domicilium
776 2277 850 2300 non
876 2265 1014 2303 habuit,
1041 2264 1090 2298 ibi
1114 2276 1150 2298 se
1176 2263 1315 2297 debebit
1341 2262 1568 2306 defendere«

294 2324 321 2362 3)
348 2325 447 2358 Haec
465 2324 721 2359 confirmantur
739 2323 922 2358 Ciceronis
940 2322 1058 2356 verbis
1076 2322 1112 2355 in
1130 2321 1230 2355 Verr.
1249 2320 1270 2353 l.
1288 2319 1340 2353 111
1357 2322 1410 2354 60.
1434 2319 1512 2354 137:
1543 2318 1683 2363 »Neyo-

183 2382 333 2415 tiatores
358 2382 427 2415 sibi
455 2393 528 2415 esse
548 2386 690 2426 putant
708 2386 816 2425 turpe
841 2379 882 2413 id
902 2380 1027 2423 forum
1055 2377 1123 2412 sibi
1142 2378 1305 2421 iniquom
1325 2377 1473 2415 eierare,
1499 2375 1561 2409 ubi
1577 2386 1684 2420 ηερο-

182 2439 358 2474 tiantur«.
408 2438 486 2472 vide
513 2438 620 2472 etiam
647 2437 718 2471 Cic.
746 2447 800 2480 ep.
830 2436 874 2470 ad
901 2435 1063 2470 Atticum
1088 2435 1119 2469 V
1145 2437 1198 2468 21.
1226 2436 1256 2467 6.

295 2495 324 2538 4)
349 2495 402 2529 De
428 2495 569 2529 nomine
598 2495 823 2540 »neyotium«
853 2493 984 2528 similia
1008 2493 1079 2526 iam
1105 2491 1251 2526 Ernesti
1278 2491 1299 2525 l.
1325 2490 1346 2524 l.
1372 2500 1405 2533 p.
1424 2492 1445 2523 9
1474 2488 1683 2523 observavit.

297 2553 324 2597 ⁵)
350 2553 426 2596 Iug.
451 2554 513 2587 47:
547 2552 613 2587 hoc
639 2552 716 2587 loco
751 2551 958 2585 »incolere«
993 2549 1109 2584 minus
1136 2552 1303 2583 accurate
1336 2556 1400 2590 pro
1438 2546 1681 2580 »consistere«

184 2609 289 2643 verbo
315 2609 524 2653 scriptorem
550 2609 602 2644 uti
627 2609 854 2643 manifestum
880 2610 943 2641 est.

298 2666 325 2708 ⁶)
351 2665 640 2700 Delacoulonche
666 2676 737 2701 rev.
757 2665 818 2699 des
846 2674 915 2698 soc.
936 2673 1006 2698 sav.
1026 2666 1077 2698 5a
1094 2663 1208 2707 (1858)
1226 2672 1260 2705 p.
1275 2662 1338 2697 791
1365 2671 1398 2694 n.
1416 2662 1460 2694 33
1479 2660 1572 2703 (app.
1591 2669 1624 2693 n.
1639 2661 1682 2702 8).
