1907 2905
750 139 1054 178 —107—

551 259 588 293 in
612 258 761 304 Africa,
786 257 970 302 provincia
993 258 1254 302 proconsulari:

141 329 212 364 Cic.
227 339 291 373 pro
304 328 449 372 Ligario
456 326 543 361 VIII
555 328 616 370 243
631 325 761 360 Vell.11
774 329 824 360 11.
833 328 871 369 2;

196 386 278 420 Sall.
296 385 471 429 Iugurtha
489 386 542 419 65.
560 387 599 427 43
624 382 694 417 Cic.
713 383 750 417 in
767 383 867 417 Verr.

193 443 219 476 l.
240 442 258 476 I
281 446 312 477 5.
339 445 396 485 143
426 441 459 475 V
482 443 535 475 59.
561 442 635 475 155.
673 438 716 474 cf.
735 439 806 474 Cic.
826 439 871 473 ad

194 498 276 532 fam.
294 497 362 531 ΧΠ
380 500 435 532 26.
455 500 492 541 1;
516 497 577 540 27;
602 498 656 531 29.
674 498 707 530 2.

794 552 820 586 C
829 551 927 585 arth
936 561 956 585 a
965 561 1024 594 go.

142 601 236 644 App.
260 598 338 633 Lib.
356 601 410 634 92.

837 642 977 677 Utica.

140 712 223 747 Sall.
240 712 315 755 Iug.
326 715 379 747 64.
397 715 435 755 53
455 711 525 746 Cic.
541 711 577 744 in
591 711 691 745 Verr.
707 711 724 744 I
740 711 794 746 27.
810 711 870 754 703
1009 709 1128 742 *Erat
1156 709 1195 741 in
1223 708 1362 753 oppido
1371 734 1446 743 .....
1488 708 1666 743 Uticenses
1674 735 1747 742 .....

194 768 273 803 Val.
303 768 400 802 Max.
424 768 475 802 IX
502 771 553 803 10.
577 770 616 811 23
656 767 756 802 Caes.
789 767 870 802 bell.
942 771 1136 801 conventus
1161 766 1208 804 is,
1249 766 1313 810 qui
1346 777 1387 798 ew
1417 766 1532 799 variis
1563 765 1753 810 yeneribus

194 825 258 860 civ,
277 825 311 859 Π
327 827 416 869 36³3
441 825 546 860 Auct.
572 825 604 859 b.
623 823 699 858 Afr.
723 826 784 867 683
810 826 871 867 903
942 828 1131 857 constaret.

194 881 288 916 Plut.
302 881 389 916 Cato
413 891 457 915 m.
475 884 519 916 59
544 886 579 916 et
596 883 648 916 61.
687 880 755 915 Dio
774 880 871 915 Cass.
1012 883 1207 914 conventus
1240 877 1425 913 Uticensis.

195 941 249 975 43.
277 941 330 974 10.

749 1004 1073 1039 Hadrumetum.

141 1062 246 1097 Auct.
272 1063 352 1097 bell.
380 1063 489 1098 Afric.
509 1066 562 1099 97.
1014 1089 1021 1095 .
1040 1088 1046 1095 .
1064 1088 1070 1095 .
1086 1060 1343 1094 Adrumetinis
1360 1060 1431 1094 HS
1444 1060 1586 1099 XXX,
1606 1071 1754 1094 conven-

942 1120 996 1153 tui
1021 1130 1145 1152 eorum
1170 1118 1215 1151 H
1236 1117 1311 1151 SL.

807 1199 836 1233 T
844 1200 868 1233 h
876 1209 898 1233 a
904 1209 928 1242 p
937 1209 952 1233 s
961 1210 983 1233 u
993 1209 1019 1233 s.

142 1257 189 1293 ib.
1017 1256 1259 1301 Thapsitanis
1312 1255 1385 1289 HS
1420 1255 1514 1288 XX
1569 1254 1756 1288 conventui

945 1325 1068 1347 eorum
1092 1312 1165 1347 HS
1186 1312 1327 1346 XXX

700 1393 857 1427 Forum
883 1392 1119 1437 Thysdrus.

142 1462 247 1497 Auct.
273 1461 353 1497 bell.
380 1461 491 1497 Afric.
509 1465 564 1497 36.
1016 1488 1115 1495 .....
1137 1472 1163 1495 α
1186 1460 1473 1506 negotiatoribus
1499 1458 1639 1493 Italicis
1670 1469 1757 1491 ara·

946 1518 1162 1563 toribusque.

831 1597 993 1643 [Zama]

146 1642 190 1677 ib.
209 1644 263 1678 97.

848 1689 976 1732 Vaga.

147 1756 232 1790 Sall.
258 1756 432 1800 Iugurtha
448 1759 503 1801 47,
523 1761 552 1792 1.
1022 1756 1083 1789 ubi
1108 1761 1139 1789 et
1164 1755 1316 1789 incolere
1342 1760 1373 1787 et
1396 1753 1552 1787 mercari
1573 1763 1760 1787 consueve-

953 1818 1041 1847 rant
1066 1812 1190 1846 Italici
1213 1812 1354 1857 yeneris
1379 1810 1484 1844 multi
1508 1808 1688 1843 mortales,

786 1891 1045 1926 Masculula.

68 1954 299 2004 97.'Ephem.
326 1959 436 2004 epigr.
455 1960 486 1990 V
511 1971 544 1994 n.
563 1960 638 1994 597.
1022 1964 1217 1993 conventus
1258 1959 1389 1992 civium
1432 1958 1691 1992 Romanorum
1730 1961 1761 1988 et

952 2016 1218 2056 Numidarum,
1243 2016 1307 2060 qui
1329 2014 1562 2049 Mascululae
1585 2013 1760 2047 habitant.

783 2095 1056 2139 (?)Aubuzza.

70 2167 124 2200 98.
149 2164 195 2199 ib.
220 2175 252 2198 n.
271 2167 347 2200 638.
1021 2164 1112 2197 cives
1144 2163 1329 2202 Romani,
1361 2162 1436 2207 qui]
1470 2160 1647 2195 Aubuzza
1683 2170 1762 2193 con·

951 2221 1091 2255 sistunt.

713 2301 749 2335 in
775 2301 970 2337 Numidia:
999 2300 1133 2335 Cirta.

157 2367 240 2402 Sall.
266 2367 340 2411 Iug.
358 2370 412 2403 26.
429 2371 461 2403 3.
1023 2367 1146 2401 Italici
1155 2381 1164 2406 ;
1195 2379 1221 2400 c.
1250 2366 1309 2400 21.
1336 2365 1362 2399 3
1385 2365 1610 2399 nominantur
1644 2369 1763 2407 »loya-

157 2423 199 2458 cf.
226 2423 333 2458 etiam
356 2424 448 2468 Eph.
475 2424 586 2469 epigr.
602 2425 633 2459 V
659 2436 691 2459 n.
715 2427 799 2467 813,
824 2424 884 2459 ubi
956 2430 1073 2458 torum
1100 2423 1327 2457 multitudo«.

212 2484 529 2514 commemorantur
570 2480 724 2524 Tipasae
776 2481 886 2514 »cives

215 2537 384 2570 Romani
407 2537 558 2571 cultores
575 2537 723 2571 Larum
741 2543 771 2571 el
790 2537 890 2571 Ima-

213 2593 342 2637 9inum
370 2592 486 2638 Auo«
522 2593 587 2628 sub
611 2593 795 2629 Hadriano
826 2593 888 2628 im-

212 2653 387 2693 peratore.
