1928 2884
868 118 1146 158 „33-

262 247 403 286 civium
426 248 698 284 Romanorum
730 241 972 282 consuluisse
993 242 1159 290 videtur,
1195 253 1269 280 »ne
1297 237 1400 294 quid
1429 238 1758 290 desiderarent«,

262 316 339 353 huc
368 315 508 352 referre
537 312 682 352 licebit.

375 381 564 420 Venimus
595 381 647 418 ad
677 381 840 418 alteram
872 385 1023 429 partem
1056 379 1171 417 huius
1202 378 1359 429 capitis,
1402 391 1481 430 qua
1518 380 1760 418 demonstra·

263 451 334 490 turi
366 463 520 496 sumus,
562 460 641 498 quo
679 447 760 485 iure
802 458 959 496 quaque
998 447 1234 485 condicione
1272 460 1438 498 corpora
1477 449 1576 487 haec
1616 447 1763 487 civium

262 523 533 559 Rornanorum
564 517 716 557 fuerint.

375 588 475 627 Illud
506 586 619 637 igitur
649 585 818 635 primum
856 585 1069 623 tenendum
1102 592 1159 623 est
1199 584 1258 623 his
1291 584 1462 633 civibus,
1502 585 1570 635 qui
1600 585 1763 635 quidem

228 667 232 670 ’
262 657 301 695 in
331 654 631 707 provincialium
662 654 826 692 urbibus
858 660 923 691 aut
953 653 1048 692 vicis
1079 653 1309 700 habitarent,
1345 653 1437 692 solis
1468 667 1491 692 a
1521 653 1764 704 praetoribus

264 723 454 763 Romanis
484 724 544 761 ius
574 721 771 760 redditum
803 734 888 759 esse
903 719 933 769 ¹)
964 720 1083 770 idque
1113 720 1185 758 illis
1217 720 1311 771 ipsis
1342 721 1381 758 in
1412 720 1510 759 locis
1541 725 1604 760 vel
1634 721 1766 772 potius

263 794 363 831 intra
392 805 458 830 eos
491 797 705 829 conventus
738 789 942 840 iuridicos,
979 790 1048 828 ubi
1087 790 1307 828 societates.
1331 789 1618 841 consistebant,
1658 790 1763 841 quia,

262 868 304 899 ut
335 859 535 899 Ciceronis
567 858 696 897 verbis
726 865 829 905 utar,
877 856 1175 906 »neqotiatores
1213 856 1296 897 sibi
1332 872 1416 896 esse
1451 865 1606 912 putant
1644 864 1767 914 turpe

262 926 308 968 id
338 926 487 982 forum
529 925 614 967 sibi
659 925 846 979 iniquom
893 925 1076 976 eierare,
1123 924 1202 965 ubi
1241 925 1545 975 neqotiantur«.
1614 928 1766 968 Iudicia

264 1005 393 1036 autem
425 997 523 1036 inter
555 996 659 1035 cives
691 998 897 1035 Romanos
928 996 967 1034 in
998 995 1209 1046 provinciis
1246 995 1374 1046 ipsos,
1415 1004 1481 1034 aut
1520 996 1620 1036 inter
1661 998 1766 1036 cives

265 1073 379 1116 atque
411 1065 632 1116 peregrinos
664 1065 729 1103 illa
759 1066 860 1115 lege,
899 1077 978 1115 qua
1009 1065 1185 1116 singulae
1215 1065 1442 1115 provinciae
1472 1065 1766 1114 ordinabantur,

265 1135 315 1173 ad
344 1148 522 1173 normam
555 1135 756 1184 quandam
790 1134 903 1185 dirigi
929 1147 1090 1173 necesse
1120 1142 1213 1172 erat.
1265 1136 1316 1172 Et
1346 1134 1528 1173 videmus
1558 1133 1599 1172 in
1621 1133 1766 1182 Sicilia,

267 1216 367 1253 quae
397 1205 481 1253 lege
511 1202 671 1253 Rupilia
708 1202 1034 1250 constituebatur,
1074 1215 1094 1241 e
1131 1203 1390 1242 conventibus
1428 1201 1533 1241 cives
1563 1204 1769 1241 Romanos

267 1285 291 1310 a
330 1271 424 1323 legis
464 1273 586 1310 latore
617 1272 668 1310 ad
709 1271 853 1310 iudicia
890 1271 1083 1310 eiusmodi
1125 1271 1381 1310 diiudicanda
1420 1271 1634 1310 destinatos
1672 1283 1767 1312 esse.

268 1342 339 1379 Illa
378 1348 507 1378 autem
546 1348 756 1390 praecepta
794 1340 888 1391 legis
919 1340 1101 1391 Rupiliae
1132 1340 1272 1380 Cicero
1314 1340 1353 1379 in
1383 1339 1635 1379 Verrinarum
1674 1341 1698 1378 l.
1730 1341 1770 1378 II

272 1411 335 1450 13.
375 1411 555 1450 32—34.
596 1408 710 1447 nobis
740 1409 920 1457 tradidit,
958 1409 1042 1457 ubi,
1083 1417 1323 1461 quantopere
1353 1411 1492 1448 Verres
1523 1409 1660 1448 edictis
1691 1409 1770 1449 suis

269 1479 371 1516 hanc
401 1479 526 1528 legem
558 1479 852 1528 perturbaverit,
884 1478 1077 1517 iudicibus
1108 1486 1198 1517 ante
1229 1480 1365 1517 oculos
1395 1491 1541 1529 ponere
1572 1478 1713 1516 studet.

385 1547 461 1586 Sed
492 1554 534 1585 ut
563 1548 669 1585 hunc
698 1548 833 1586 locum
864 1547 941 1585 iam
973 1561 997 1586 a
1027 1547 1159 1586 multis
1190 1547 1279 1586 viris
1312 1547 1438 1586 doctis
1467 1553 1677 1586 tractatum
1710 1548 1770 1586 vel

268 1615 396 1665 potius
429 1628 545 1666 saepe
576 1623 761 1654 vexatum
792 1624 896 1654 recte
933 1615 1246 1666 interpretemur,
1289 1628 1376 1654 eum
1419 1615 1637 1654 accuratius
1677 1628 1772 1655 con-

268 1684 436 1723 siderare
467 1696 565 1734 opus
597 1685 680 1725 erit.

382 1751 520 1802 Agitur
550 1759 633 1790 toto
664 1753 753 1790 loco
785 1752 835 1790 de
866 1750 1062 1790 iudicibus
1095 1752 1380 1791 constituendis
1414 1752 1530 1791 variis
1567 1752 1607 1791 in
1638 1751 1770 1792 litibus

268 1820 307 1859 in
340 1820 479 1859 Sicilia.
531 1823 593 1859 Ac
623 1820 809 1870 quoniam
843 1827 973 1858 orator
1003 1821 1197 1870 exposuit,
1230 1820 1399 1871 primum
1433 1822 1464 1860 si
1496 1821 1647 1861 Siculus
1679 1833 1770 1860 cum

270 1888 402 1927 Siculo
434 1889 610 1927 eiusdem
641 1888 749 1927 urbis
790 1896 972 1936 certaret,
1016 1902 1084 1927 eos
1126 1889 1205 1928 suis
1246 1889 1398 1941 legibus
1437 1891 1515 1939 uti3
1557 1889 1700 1929 deinde
1740 1890 1772 1930 si

272 1957 422 1996 Siculus
454 1970 545 1996 curn
579 1957 711 1996 Siculo
742 1957 898 1996 alterius
936 1957 1124 2006 civitatis,
1165 1966 1386 2008 praetorem
1417 1972 1464 1998 ex
1499 1960 1584 2010 lege
1614 1957 1772 2008 Rupilia

270 2026 421 2065 iudices
453 2027 598 2074 sortiri;
640 2034 722 2065 turn
764 2028 803 2066 in
845 2039 964 2066 causa
994 2027 1239 2078 singulorum
1276 2039 1367 2066 cum
1405 2028 1522 2077 urbe,
1562 2027 1624 2065 vel
1664 2025 1770 2065 urbis

271 2107 361 2133 cum
394 2095 553 2145 singulis
584 2103 762 2134 senatum
794 2095 926 2134 tertiae
959 2096 1127 2134 civitatis
1167 2095 1355 2134 arbitrum
1395 2105 1499 2143 esse3
1539 2094 1709 2144 denique
1739 2095 1772 2133 si

271 2164 367 2214 quid
398 2164 494 2202 civis
526 2167 732 2203 Romanus
763 2178 787 2203 a
818 2166 952 2204 Siculo
983 2171 1144 2214 peteret,
1185 2177 1270 2203 esse
1302 2164 1476 2204 Siculum
1508 2162 1699 2212 iudicem,
1740 2162 1772 2200 si

274 2232 424 2271 Siculus
455 2246 478 2270 a
509 2234 595 2271 cive
626 2235 835 2279 Romano,
876 2232 1047 2271 iudicem
1078 2235 1330 2281 Romanum,
1369 2231 1429 2270 his
1465 2232 1594 2270 verbis
1624 2230 1771 2281 pergit:

277 2304 533 2339 »ceterarum
563 2314 704 2339 rerum
735 2299 874 2339 selecti
902 2297 1063 2339 iudices
1095 2313 1145 2339 ex
1178 2299 1332 2339 civium
1361 2298 1651 2339 Romanorum
1683 2310 1771 2337 con-

273 2365 437 2419 ventu2)
480 2367 663 2421 proponi
709 2365 888 2416 solent«,
942 2369 1082 2418 quibus
1139 2368 1178 2406 in
1225 2368 1353 2407 verbis
1400 2367 1466 2406 illa
1514 2371 1772 2405 »ceterarum

388 2479 416 2521 1)
443 2477 484 2512 ef.
512 2478 582 2513 Cic.
610 2489 673 2523 pro
699 2479 840 2513 Flacco.
866 2481 921 2513 29.
947 2479 1001 2514 71.
1039 2477 1236 2512 Mommsen
1264 2477 1312 2512 St.
1331 2477 1373 2513 R.
1398 2476 1452 2510 III
1476 2487 1510 2520 p.
1528 2477 1605 2512 748.

386 2534 415 2578 2)
445 2535 526 2568 »Ex
551 2536 683 2569 civium
708 2536 971 2570 Romanorum
997 2540 1193 2568 conventu«
1222 2538 1276 2569 est
1302 2533 1407 2568 lectio
1434 2532 1649 2577 optimorum
1673 2532 1769 2567 codi-

275 2601 364 2635 cum,
391 2602 462 2626 non
490 2604 552 2626 »ex
574 2599 752 2627 conventu
770 2594 903 2627 civium
920 2593 1217 2632 Romanorum«,
1244 2591 1337 2626 utin
1355 2590 1571 2626 editionibus
1590 2589 1773 2625 Orelliana

274 2652 309 2681 et
333 2647 571 2683 Muelleriana
596 2654 722 2684 exstat.
