1907 2905
749 106 1025 144 -35-

143 240 219 277 que
251 228 463 267 honoribus
495 227 727 278 templisque
757 228 1001 276 ornaverint,
1044 236 1085 267 ut
1116 229 1232 267 etiam
1274 231 1400 280 superi
1431 238 1634 280 quaestum

143 309 256 336 suum
291 296 468 346 propitiis
508 295 629 334 oculis
670 296 917 346 inspicerent.
977 298 1080 334 Nam
1122 297 1253 335 omnia
1293 299 1473 349 collegia,
1512 300 1635 338 socie-

143 371 238 403 tates
278 371 315 402 et
354 371 614 401 mercatorum
655 364 878 414 negotiique
914 366 1129 414 gerentium
1159 373 1197 403 et
1227 366 1391 404 aliorum
1430 366 1634 405 hominurn

143 431 343 471 communi
383 432 558 481 quodam
595 431 753 470 vinculo
793 432 1109 471 consociatorum
1147 434 1254 482 apud
1296 435 1469 472 Graecos
1519 442 1635 483 atque

141 501 349 538 Romanos
390 511 604 548 omnesque
646 499 895 548 antiquorum
939 507 1160 550 temporum
1201 502 1366 550 populos
1408 514 1559 550 semper
1596 502 1636 539 in

143 567 228 606 deis
257 566 388 616 patriis
418 566 648 605 venerandis
679 567 877 617 sacrisque
909 568 1165 606 observandis
1186 576 1336 618 praeter
1365 569 1460 607 illud
1492 569 1634 619 ipsum,

142 636 251 685 quod
282 647 349 673 eos
379 635 650 683 coniunxerat,
684 635 797 673 simul
828 644 1000 674 versatas
1031 649 1115 674 esse
1146 643 1262 685 atque
1288 649 1336 675 ex
1358 637 1504 687 superis
1525 637 1637 688 quasi

142 711 351 753 patronum
381 703 453 742 sibi
483 705 653 742 electum
685 704 887 752 habuisse,
928 706 1033 743 velut
1063 704 1197 743 medio
1228 706 1335 754 quod
1367 705 1508 744 dicitur
1538 718 1635 744 aevo

143 770 306 821 collegia
336 771 560 821 saepissime
591 783 706 810 curae
730 772 863 810 Sancti
895 772 1100 811 cuiusdam
1131 781 1240 812 erant
1262 773 1504 822 mandata¹)‚
1538 773 1636 812 inter

143 852 279 877 omnes
311 847 474 877 constat.
536 841 668 888 Atque
699 839 803 877 cives
834 841 1057 887 Romanos,
1101 841 1167 889 qui
1198 853 1279 878 rem
1317 841 1486 891 augendi
1517 854 1636 880 causa

144 907 184 945 in
213 906 433 957 provincias
464 907 797 958 immigraverant,
829 908 1038 958 praecipue
1067 909 1322 957 Mercurium,
1356 916 1522 948 tutorem
1554 923 1636 949 orn-

143 975 252 1013 nium
284 983 567 1023 mercatorum,
607 976 669 1025 pie
701 984 902 1014 veneratos
935 974 1060 1025 esse2)
1102 984 1219 1026 atque
1252 978 1476 1016 societatem
1509 979 1636 1016 Delia-

143 1056 232 1081 cam
264 1056 352 1082 eum
384 1056 475 1081 cum
497 1051 618 1082 matre
640 1043 746 1082 Maia
776 1053 986 1093 patronum
1019 1045 1092 1083 sibi
1121 1045 1333 1095 sumpsisse
1355 1046 1493 1083 mirum
1517 1046 1637 1084 videri

143 1124 224 1149 non
254 1119 396 1161 potest.
450 1112 598 1150 Similia
628 1120 757 1150 autern
789 1112 1007 1150 invenimus
1039 1113 1078 1150 in
1109 1113 1231 1151 titulis
1264 1113 1407 1151 civium
1438 1116 1637 1152 Romano-

143 1191 228 1217 rum
259 1181 311 1218 ad
341 1187 466 1219 castra
497 1181 639 1218 stativa
669 1180 978 1227 consistentium,
1010 1181 1106 1219 inter
1137 1193 1236 1230 quos
1267 1181 1488 1231 Brigetione
1519 1181 1636 1220 etiam

143 1248 259 1298 genio
281 1248 508 1286 commercii
527 1255 564 1286 et
585 1249 866 1299 negotiantium
890 1246 1180 1299 consecratus3)
1203 1250 1383 1290 occurrit.
1423 1252 1635 1299 Praeterea,

143 1316 331 1365 quoniam
362 1318 635 1355 Romanorum
675 1316 828 1355 animos
865 1317 1082 1355 admodum
1123 1317 1329 1356 inclinasse
1366 1331 1434 1368 eo,
1477 1326 1519 1357 ut
1547 1319 1638 1357 alie-

143 1397 283 1423 norum
327 1386 423 1424 deos
466 1385 700 1435 reciperent,
746 1399 864 1424 nemo
909 1393 986 1434 est,
1034 1386 1102 1436 qui
1147 1386 1312 1434 nesciat,
1359 1388 1399 1425 in
1443 1399 1515 1425 usu
1557 1396 1638 1426 erat

143 1455 268 1493 cultus
299 1466 435 1492 eorum
466 1455 641 1503 deorum,
675 1455 742 1504 qui
772 1455 812 1492 in
843 1454 1054 1493 domiciliis
1087 1455 1319 1493 societatum
1351 1457 1497 1506 templa
1517 1457 1637 1495 habe-

144 1523 251 1570 bant,
283 1524 387 1561 velut
417 1523 506 1561 Deli
547 1524 672 1561 cultus
704 1523 897 1572 Apollinis
937 1523 1130 1573 simulque
1160 1524 1375 1563 Artemidis
1416 1533 1531 1574 atque
1562 1527 1637 1563 La-

143 1599 278 1639 tonae,
318 1591 432 1630 Elide
472 1593 598 1630 cultus
630 1591 736 1629 Iovis
768 1589 1005 1642 Olympii4),
1048 1593 1246 1631 Salamine
1285 1593 1325 1631 in
1356 1592 1532 1644 Cypro⁵)
1575 1594 1637 1631 dei

143 1660 301 1706 deaeve,
334 1659 442 1698 cuius
464 1673 608 1698 nomen
640 1660 679 1698 in
712 1660 822 1698 titulo
844 1660 1012 1710 evanuit,
1046 1673 1166 1709 quam
1196 1662 1313 1700 fuisse
1334 1663 1540 1709 Venerem,
1574 1661 1636 1700 cui

143 1737 224 1767 erat
253 1728 309 1767 ibi
339 1730 476 1777 aedes,
516 1742 606 1767 meo
643 1729 723 1767 iure
761 1729 855 1767 mihi
894 1729 1032 1767 videor
1069 1730 1259 1771 conicere.
1320 1731 1511 1780 Nauporti
1543 1744 1637 1769 vero

144 1798 372 1846 Neptunum
413 1804 532 1847 atque
564 1800 837 1847 Aequornam,
878 1800 1062 1837 Naronae
1103 1799 1286 1837 Liberum
1326 1801 1477 1849 templo
1516 1801 1638 1838 hono-

143 1871 245 1903 ratos
276 1878 360 1904 esse
389 1866 467 1903 iam
499 1866 814 1904 memoravimus.
876 1868 996 1916 Apud
1027 1868 1276 1906 Petrocorios
1315 1868 1483 1918 denique
1519 1881 1541 1905 a
1572 1879 1638 1905 cu-

142 1941 268 1972 ratore
299 1935 441 1973 civium
464 1937 735 1974 Romanorum
766 1936 884 1974 etiam
907 1937 1003 1974 deae
1027 1938 1209 1984 Stannae,
1243 1939 1406 1975 fortasse
1436 1936 1515 1975 loci
1543 1937 1638 1974 deae

143 2000 360 2052 gallicaess),
393 2005 498 2053 apud
530 2004 744 2042 Helvetios.
801 2004 880 2043 Soli
910 2005 1024 2055 genio
1056 2014 1174 2056 atque
1195 2008 1330 2044 Lunae
1361 2018 1513 2044 sacrum
1546 2006 1634 2043 titu-

143 2071 222 2108 lum
236 2068 267 2121 7)
298 2071 471 2121 positum
502 2085 586 2111 esse
618 2073 888 2123 cognovimus.
945 2075 1084 2124 Itaque
1113 2075 1191 2113 hoc
1222 2075 1344 2113 modo
1375 2087 1441 2124 per
1472 2075 1541 2112 has
1573 2086 1636 2111 so-

258 2229 284 2270 l)
310 2226 352 2261 cf.
381 2228 571 2272 Schoeffer,
598 2228 640 2263 de
666 2228 747 2263 Deli
772 2229 836 2263 ins.
861 2229 977 2265 rebus.
1004 2241 1036 2273 p.
1059 2233 1132 2265 192.

257 2283 284 2327 2)
310 2283 509 2318 Titulorum
541 2285 624 2319 huic
656 2285 720 2319 deo
747 2295 768 2319 a
793 2285 941 2329 singulis
968 2286 1137 2321 Romanis
1163 2287 1420 2321 mercatoribus
1446 2290 1507 2319 aut
1533 2285 1637 2319 aliter

144 2340 277 2384 negotii
304 2341 507 2384 gerentibus
534 2342 729 2385 positorum
755 2352 904 2386 magnus
928 2354 1096 2378 numerus
1129 2343 1290 2378 omnibus
1317 2344 1352 2377 in
1378 2343 1464 2377 locis
1491 2342 1633 2386 prodiit.

258 2397 286 2440 3)
312 2396 388 2431 CIL
412 2397 463 2431 ΙΠ
487 2401 587 2433 4288.

255 2456 284 2497 4)
309 2454 572 2498 Dittenberger,
598 2455 704 2489 Arch.
724 2456 801 2499 Ztg.
831 2457 926 2492 1877.
953 2468 985 2500 p.
1005 2459 1048 2491 38
1073 2459 1168 2501 (app.
1195 2468 1226 2490 n.
1247 2459 1289 2499 6).

256 2511 284 2554 5)
311 2510 386 2544 CIL
410 2510 460 2544 III
485 2514 571 2546 6051
599 2513 694 2555 (app.
720 2523 752 2546 n.
771 2514 839 2556 94).

257 2568 284 2612 6)
309 2567 394 2602 Rev.
421 2568 531 2612 epigr.
558 2568 605 2602 du
630 2568 715 2602 midi
740 2569 782 2603 de
809 2569 843 2603 la
866 2569 1004 2603 Franco
1029 2569 1045 2603 Ι
1070 2572 1090 2603 3
1116 2570 1230 2613 (1878)
1257 2579 1289 2602 n.
1307 2570 1350 2602 56
1376 2576 1470 2611 (app.
1496 2578 1527 2601 n.
1549 2570 1634 2610 104).

257 2625 283 2668 7)
307 2625 504 2660 Mommsen
530 2626 634 2660 inser.
661 2626 797 2661 Helvet.
828 2630 890 2662 133
915 2630 1009 2671 (app.
1037 2638 1069 2662 n.
1093 2629 1178 2669 108).
