1928 2884
826 131 1105 171 —10-

218 272 304 297 rum
341 257 444 308 ipsas
473 253 775 304 illustrandas¹).
837 257 968 304 Atque
1004 254 1173 304 primum
1209 253 1305 293 mihi
1336 255 1604 305 quaerendum
1635 267 1720 294 esse

218 327 386 373 videtur,
419 338 498 376 quo
529 325 652 363 modo
684 325 757 361 hae
787 322 991 361 societates
1022 324 1241 373 appellatae
1276 323 1371 372 sint,
1410 323 1582 362 maxime
1622 323 1718 374 quid

217 407 361 434 nomen
392 401 610 432 conventus
642 393 717 430 sibi
749 391 859 441 velit,
893 403 1072 442 quaeque
1103 391 1151 430 sit
1182 391 1309 442 prima
1340 393 1391 431 ad
1423 392 1719 431 constituendos

217 470 431 501 conventus
462 462 522 499 vel
553 459 876 511 congregationes
909 459 1116 507 condici03
1149 459 1314 508 deinde,
1346 472 1425 510 qua
1454 461 1580 498 forma
1611 473 1718 499 com-

214 531 363 581 positae
393 542 552 580 quoque
582 530 706 568 modo
736 535 864 567 rectae
899 526 1000 575 sint,
1042 536 1161 577 atque
1191 540 1292 577 quae
1330 528 1430 566 ratio
1470 527 1581 566 fuerit
1619 529 1720 567 inter

215 612 279 638 eas
319 606 357 637 et
397 599 645 649 magistratus
686 600 892 636 Romanos
929 597 1143 647 provinciis
1182 596 1426 647 praepositos
1467 606 1505 635 et
1542 596 1719 635 civitates

214 666 438 717 peregrinae
469 665 713 704 condicionis
746 666 805 704 vel
835 665 1000 711 liberas,
1041 665 1081 703 in
1112 665 1255 714 quibus
1287 665 1393 703 cives
1424 665 1597 703 Romani
1627 678 1719 704 con-

212 735 420 777 siste-bant:
462 743 544 773 tum
576 734 642 773 ubi
673 734 822 784 primae
853 734 1177 785 congregationes
1210 741 1317 772 ortae
1348 733 1442 783 sint,
1484 747 1604 783 quam
1643 735 1719 772 late

211 803 403 853 patuerint
435 817 501 853 per
532 803 774 854 provincias,
810 802 986 852 quidque
1017 814 1150 841 earum
1182 803 1300 840 finem
1332 801 1485 851 fecerit3
1525 810 1718 852 quatenus

211 871 380 921 denique
411 873 735 923 congregationes
769 871 915 910 civium
938 873 1213 910 Romanorum
1235 871 1287 909 ad
1311 878 1439 909 castra
1460 871 1600 910 stativa
1623 884 1718 910 con-

209 940 447 987 sistentium,
484 953 584 990 quae
616 942 735 991 vulgo
767 941 942 978 canabae
973 939 1245 985 nominantur,
1290 951 1382 978 cum
1411 939 1486 978 illis
1519 939 1717 978 societati-

209 1010 283 1047 bus
315 1008 353 1046 in
384 1008 632 1047 interioribus
663 1009 839 1059 partibus
870 1007 1021 1058 imperii
1054 1008 1302 1047 cohaereant.

323 1079 384 1116 Ac
414 1076 584 1127 primum
616 1078 777 1128 quidem
809 1078 918 1115 varia
948 1084 1036 1116 sunt
1066 1089 1209 1127 genera
1239 1075 1473 1126 appellandi,
1506 1077 1718 1127 praecipue

209 1147 248 1184 in
279 1143 452 1196 titulis2),
487 1146 630 1196 quibus
662 1154 729 1185 aut
759 1147 891 1196 aliquo
922 1147 961 1184 in
991 1148 1093 1188 loco,
1125 1152 1192 1183 aut
1218 1145 1352 1195 aliqua
1381 1146 1422 1183 in
1452 1145 1611 1195 regione
1632 1157 1718 1195 pro-

209 1214 389 1253 vinciave
419 1214 522 1253 cives
545 1217 752 1254 Romanos
784 1214 1032 1254 domicilium
1063 1214 1246 1253 habuisse
1269 1214 1472 1261 docemur,
1505 1227 1552 1252 ex
1573 1214 1716 1263 quibus

210 1282 302 1333 ipsis
333 1283 496 1322 minime
527 1293 689 1334 apparet
732 1286 805 1323 hos
845 1285 943 1322 inter
983 1296 1024 1322 se
1064 1283 1297 1322 coniunctos
1338 1283 1456 1321 fuisse
1496 1294 1717 1333 corpusque

209 1360 275 1390 aut
320 1352 530 1403 collegium
578 1351 809 1403 effecisse3).
888 1352 1127 1403 Saepissime
1172 1351 1277 1390 enim
1323 1350 1438 1390 nobis
1485 1359 1714 1391 occurrunt:

326 1521 352 1562 1)
377 1519 478 1554 Unus
505 1525 624 1554 exstat
649 1520 791 1554 libellus
818 1519 860 1554 de
888 1519 1012 1554 eadem
1043 1529 1081 1553 re
1113 1519 1134 1552 i.
1162 1529 1190 1553 e.
1224 1518 1314 1553 Car.
1343 1517 1539 1563 Morelii‚
1571 1517 1632 1562 qui
1663 1517 1715 1551 in-

213 1577 382 1611 scribitur
416 1578 487 1611 »les
512 1579 756 1613 associatione
781 1578 826 1611 de
851 1579 1009 1622 citoyens
1035 1577 1223 1611 Romaim
1254 1581 1286 1609 et
1318 1576 1367 1609 les
1392 1580 1581 1609 curatores
1611 1587 1638 1609 c.
1665 1575 1714 1609 R.

212 1640 407 1668 conventus
432 1635 627 1679 Helveticz‘,
659 1634 852 1670 Lausanne
881 1636 1006 1679 1877«,
1039 1634 1100 1669 ubi
1132 1634 1184 1667 vir
1216 1633 1459 1677 doctissimus,
1491 1638 1531 1668 ut
1562 1644 1606 1667 ex
1637 1633 1715 1677 ipso

211 1691 473 1727 dissertationis
506 1693 610 1726 titulo
642 1693 881 1736 intellegitur,
920 1702 941 1726 a
972 1696 1149 1726 conventu
1180 1691 1365 1725 Helvetico
1396 1690 1580 1734 profectus
1612 1699 1716 1734 prae-

212 1748 314 1792 cipue
341 1749 471 1784 civium
495 1749 737 1784 Romanorum
762 1751 798 1783 in
825 1749 1020 1784 occidentis
1051 1749 1214 1793 partibus
1246 1748 1389 1792 imperii
1421 1747 1716 1792 congregationes

211 1807 413 1842 illustravit.
462 1807 664 1851 Distinguit
695 1812 815 1842 autem
847 1807 1038 1842 societates
1071 1817 1149 1850 eas,
1183 1816 1275 1850 quae
1307 1806 1415 1841 certis
1447 1806 1484 1840 in
1515 1805 1603 1840 locis
1634 1815 1716 1850 pro-

212 1864 408 1898 vinciarum
441 1865 657 1899 constitutae
688 1865 775 1909 sint,
809 1865 936 1899 deinde
970 1875 1062 1908 qnae
1096 1864 1191 1899 cives
1225 1864 1320 1898 intra
1357 1863 1539 1899 dioeceses
1575 1863 1717 1908 provin-

213 1921 347 1955 ciarum
373 1922 610 1956 consistentes
637 1922 860 1967 contineant,
887 1933 946 1956 eas
974 1922 1147 1966 (lenique,
1175 1932 1267 1966 quae
1293 1922 1401 1957 latius
1427 1933 1492 1966 per
1516 1926 1610 1956 totas
1635 1931 1716 1966 pro-

211 1978 346 2013 vincias
372 1983 529 2023 pateant.
579 1979 654 2014 Illis
680 1990 750 2014 uno
776 1980 853 2014 loco
880 1984 942 2014 aut
968 1990 1032 2023 per
1050 1979 1233 2014 dioeceses
1251 1979 1529 2014 consistentibus
1546 1989 1715 2023 praeesse

213 2040 408 2081 curatores,
433 2037 489 2071 his
515 2037 710 2072 maioribus
737 2048 891 2072 summos
918 2042 1101 2071 curatores
1128 2042 1242 2081 putat.

325 2093 378 2128 De
417 2094 553 2128 civibus
592 2094 762 2129 Romanis
800 2094 845 2128 ad
884 2099 1002 2129 castra
1039 2094 1171 2128 stativa
1208 2093 1486 2128 consistentibus
1518 2093 1716 2127 Mommsen

212 2150 322 2191 (›>Dz'e
347 2152 547 2185 rami-schem
567 2152 843 2197 Layerstr'idte«
873 2151 991 2185 Herm.
1007 2151 1076 2184 Vll
1100 2161 1132 2194 p.
1152 2153 1219 2185 299
1234 2152 1324 2194 sqq.)
1343 2150 1528 2194 praeclare
1546 2149 1717 2184 disseruit

213 2206 387 2251 simulque
414 2209 599 2243 occasione
626 2209 726 2253 data,
762 2209 849 2253 quid
875 2209 917 2243 de
944 2208 1175 2243 conventibus
1208 2208 1338 2241 civium
1363 2207 1605 2242 Romanorum
1637 2217 1715 2241 sen-

212 2263 311 2307 tiret,
344 2264 500 2299 breviter
531 2265 652 2299 docuit
683 2264 780 2306 (ibid.
817 2276 850 2308 p.
875 2266 1100 2308 319-321),
1134 2274 1241 2307 quam
1274 2263 1486 2297 sententiam
1518 2264 1648 2298 iterum
1678 2263 1715 2296 in

213 2321 456 2365 disputatione
490 2322 571 2365 illa,
610 2332 716 2366 quam
751 2322 936 2365 inscripsit
974 2322 1192 2355 »Schweizer
1223 2320 1501 2354 Nachstudien«
1541 2319 1714 2364 (Hermae

213 2379 278 2412 vol.
297 2378 381 2412 XVI
407 2390 439 2422 p.
457 2380 652 2422 477—483)
679 2378 854 2422 exposuit.
910 2378 1132 2412 Mommseno
1159 2380 1352 2411 conventus
1385 2375 1514 2409 civium
1538 2375 1715 2409 Romano-

213 2446 290 2470 rum
322 2436 467 2480 publica
500 2436 714 2471 auctoritate
748 2436 905 2470 instituti
937 2435 1120 2478 videntur,
1155 2433 1283 2477 quibus
1317 2432 1411 2466 cives
1446 2432 1646 2466 dioecesive
1677 2431 1715 2465 in

214 2493 406 2535 provinciis
433 2494 669 2528 consistentes
695 2493 1052 2537 comprehendantur.

327 2549 355 2592 2)
379 2548 558 2583 Plurimos
592 2549 732 2593 titulos,
771 2548 833 2591 qui
865 2548 935 2582 huc
969 2547 1164 2591 pertinent,
1203 2546 1402 2580 Mommsen
1438 2545 1637 2589 composuit
1668 2545 1712 2580 ad

215 2605 291 2640 CIL
315 2605 376 2640 111.
404 2606 527 2649 Suppl.
553 2606 652 2641 7240.

328 2663 354 2706 3)
381 2661 423 2696 cf.
451 2663 572 2697 Herm.
600 2663 664 2697 vol.
686 2663 751 2697 VII
775 2673 808 2706 p.
828 2665 891 2697 321
921 2661 1001 2696 adn.
1023 2665 1050 2696 1.
