1928 2884
812 176 1093 216 -68-

199 299 356 340 vicerat.
419 302 551 350 Atque
589 300 705 338 etiam
746 301 786 338 in
825 301 1000 351 partibus
1041 302 1161 340 Asiae
1202 301 1362 340 minoris
1403 302 1454 339 ad
1495 300 1702 339 meridiem

200 369 468 418 spectantibus
500 369 673 407 Romani
705 377 913 408 occurrunt
944 382 1011 419 per
1044 370 1230 421 Lyciam⁷
1264 370 1463 417 Pisidiam,
1496 369 1700 415 Isauriam,

201 438 395 479 Ciliciam.
437 440 543 476 Nam
564 437 827 489 negotiatores
849 438 888 476 in
911 439 1056 488 Lycia
1078 439 1347 485 consistentes,
1381 451 1472 477 cum
1495 437 1703 488 indigenae

200 507 274 545 sub
314 507 485 545 Claudio
523 507 757 557 imperatore
795 520 830 547 a.
863 508 916 547 43
948 520 987 556 p.
1020 507 1113 548 Chr.
1145 521 1183 547 n.
1226 507 1499 554 rebellassent,
1541 506 1702 555 primos,

200 582 253 613 ut*
272 575 499 625 saepissime
530 575 569 613 in
601 576 784 614 omnibus
817 575 968 625 imperii
1006 576 1138 620 terris,
1181 576 1399 613 trucidatos
1430 587 1514 613 esse
1545 566 1723 613 Cassius-

201 640 322 692 Dio¹)
355 650 495 681 narrat.
547 645 593 681 In
625 642 836 681 Pisidiae
866 644 963 681 urbe
985 643 1151 681 Conana
1163 640 1194 692 ²)
1227 643 1326 681 ordo
1358 644 1605 692 populusque
1635 642 1704 680 ibi—

201 723 277 761 que
307 711 564 750 consistentes
596 711 781 760 Romani,
815 711 844 749 si
877 712 1000 750 modo
1031 712 1167 750 titulus
1197 719 1302 750 recte
1333 712 1548 761 suppletur,
1581 711 1705 761 Septi-

200 780 323 817 mium
364 780 549 818 Severum
592 781 798 818 honorant.
869 779 986 818 Cives
1025 781 1197 818 Romani
1242 783 1398 819 Isaurae
1442 776 1704 829 habitantes³)

200 855 329 885 utrum
361 854 613 893 mercatores,
657 847 724 896 qui
757 846 961 885 domicilia
991 855 1177 896 quaestus
1216 848 1386 887 faciendi
1426 859 1544 886 causa
1583 847 1706 886 collo-

201 923 406 962 caverant,
448 928 498 953 an
530 915 663 953 coloni
694 928 741 953 eo
773 915 934 953 deducti
968 916 1130 963 fuerint,
1175 916 1252 954 iarn
1295 916 1471 956 disserui.
1533 917 1594 954 De
1623 917 1707 954 Ro-

201 986 327 1024 manis
359 985 581 1032 Ciliciae,
615 985 681 1034 qui
712 994 819 1024 erant
850 993 916 1024 aut
947 985 1148 1035 publicani
1179 993 1247 1023 aut
1283 984 1557 1035 negotiatores,
1591 996 1707 1034 saepe

200 1054 327 1105 agitur
357 1067 380 1092 a
408 1054 598 1093 Cicerone
628 1054 668 1092 in
698 1054 871 1104 epistulis
883 1053 932 1103 4),
965 1066 1063 1104 quas
1094 1055 1305 1104 proconsul
1336 1053 1450 1092 huius
1481 1053 1708 1104 provinciae

201 1123 368 1173 scripsit,
401 1123 623 1172 eodemque
654 1109 745 1161 loco
777 1123 826 1161 de
856 1123 914 1173 iis,
948 1122 1015 1173 qui
1047 1123 1164 1172 pauci
1196 1122 1234 1160 in
1267 1123 1424 1172 Cypro
1456 1123 1614 1160 insula
1644 1134 1708 1160 ne-

201 1189 511 1241 gotiabantur5),
545 1204 712 1241 quorum
752 1192 983 1230 societatem
1018 1191 1214 1230 Salamine
1255 1191 1372 1229 fuisse
1411 1205 1458 1229 ex
1498 1191 1613 1230 titulo
1654 1190 1707 1229 ibi

201 1258 396 1311 repertoss)
431 1259 704 1311 cognovimus.

316 1331 361 1367 In
395 1328 542 1380 Syria
574 1329 823 1379 Antiochiae,
856 1341 958 1378 quae
994 1337 1073 1367 erat
1115 1330 1232 1379 longe
1271 1329 1568 1378 opulentissima
1609 1330 1708 1367 cele-

203 1398 450 1447 berrimaque
482 1400 574 1436 urbs
606 1398 722 1436 totius
755 1399 834 1436 fere
866 1398 1059 1447 Orientis,
1103 1404 1345 1435 conventum
1383 1396 1527 1435 civium
1559 1399 1708 1435 Roma-

202 1478 343 1504 norum
375 1468 511 1505 sedem
542 1467 725 1505 habuisse
737 1464 767 1516 ⁷)
799 1467 876 1504 iam
910 1466 1154 1516 temporibus
1190 1466 1426 1516 reipublicae
1462 1467 1606 1504 liberae
1637 1466 1708 1504 mi-

204 1547 290 1573 rum
321 1548 401 1573 non
434 1543 502 1574 est.
558 1537 636 1574 Sed
665 1536 771 1573 haud
803 1535 913 1574 facile
944 1535 1188 1586 intellegitur,
1222 1536 1440 1585 quomodo,
1473 1542 1515 1573 ut
1537 1535 1709 1574 Romani

204 1605 310 1643 nulla
341 1606 418 1643 fere
449 1605 524 1642 alia
554 1605 591 1643 in
614 1606 709 1643 urbe
734 1605 867 1653 Syriae
898 1613 1017 1653 atque
1039 1605 1281 1643 Palaestinae
1311 1604 1384 1642 nisi
1407 1604 1708 1655 Hierosolymis,

204 1673 270 1712 ubi
302 1673 378 1711 iam
411 1686 516 1712 anno
549 1673 705 1723 697s57
738 1674 969 1711 habitabant
981 1672 1032 1722 8),
1066 1681 1155 1723 post
1187 1673 1431 1723 provinciam
1464 1686 1487 1711 a
1519 1672 1709 1722 Pompeio

205 1742 464 1792 compositam
499 1742 701 1780 domicilia
732 1743 984 1792 collocarent,
1018 1743 1165 1780 factum
1198 1755 1282 1780 esse
1313 1741 1447 1792 possit.
1500 1741 1583 1780 Etsi
1605 1740 1708 1779 enim

206 1822 298 1848 casu
329 1811 551 1849 testimonia
583 1812 717 1849 deesse
747 1811 992 1861 putabimus,
1025 1819 1155 1849 tamen
1189 1811 1228 1849 id
1261 1823 1419 1860 quoque
1449 1810 1709 1860 spectandum

205 1886 281 1926 est,
329 1891 448 1929 quam
489 1880 606 1918 astuti
650 1879 859 1929 callidique
905 1887 1138 1918 mercatores
1181 1880 1322 1918 fuerint
1365 1880 1451 1930 Syri
1499 1879 1595 1929 ipsi,
1643 1877 1710 1927 qui

206 1955 363 1997 propter
383 1949 453 1986 has
475 1957 577 1987 artes
609 1957 812 1998 tantopere
834 1962 900 1999 per
931 1957 1056 1987 totum
1087 1950 1292 1999 imperium
1315 1949 1399 1987 noti
1421 1955 1539 1995 erant,
1572 1953 1712 1997 quant-

206 2029 323 2066 opere
363 2030 512 2056 merces
549 2030 707 2065 eorum,
756 2030 854 2068 quas
895 2018 1041 2068 ubique
1080 2030 1236 2056 summo
1281 2019 1390 2055 lucro
1431 2016 1653 2055 vendebant
1665 2012 1710 2064 ⁹).

321 2143 349 2183 l)
375 2140 443 2175 Dio
470 2140 566 2175 Cass.
595 2142 647 2174 60.
678 2140 728 2175 17.

320 2196 350 2239 2)
377 2197 539 2241 Sterrett,
566 2196 642 2231 The
669 2196 787 2231 Wolfe
815 2196 1033 2241 Expedition
1058 2196 1109 2229 III
1135 2207 1167 2240 p.
1186 2199 1253 2231 339
1279 2206 1312 2229 n.
1331 2197 1397 2231 473
1420 2198 1520 2238 (app.
1546 2205 1577 2227 n.
1598 2197 1666 2234 91).

320 2254 349 2293 3)
375 2253 468 2287 Bull.
495 2253 538 2288 de
566 2264 634 2288 cor.
660 2254 752 2288 Hell.
779 2254 830 2287 XI
856 2265 888 2297 p.
907 2255 950 2288 67
976 2265 1008 2287 n.
1028 2256 1073 2288 46
1099 2254 1192 2298 (app.
1220 2264 1252 2287 11.
1272 2254 1347 2297 92),
1381 2253 1533 2286 Sterrett
1557 2251 1579 2285 l.
1608 2251 1629 2285 1.
1662 2250 1713 2284 ΙΠ

208 2321 241 2354 p.
264 2310 327 2345 107
352 2321 385 2344 n.
406 2313 467 2345 181
498 2314 593 2354 (app.
620 2322 653 2344 n.
671 2313 740 2352 93).

321 2369 351 2409 4)
378 2377 407 2401 e.
435 2377 463 2401 c.
491 2377 544 2410 ep.
571 2367 617 2402 ad
642 2368 803 2403 Atticum
828 2369 860 2402 V
884 2371 938 2403 21.
965 2371 997 2402 8.

322 2425 349 2469 5)
375 2424 396 2459 l.
425 2424 445 2458 l.
473 2427 509 2469 63
537 2425 670 2460 Caesar
695 2425 775 2460 bell.
802 2426 866 2460 civ.
892 2425 943 2459 HI
972 2428 1045 2460 103.

321 2483 350 2526 6)
377 2482 453 2517 CIL
478 2482 532 2516 III
557 2485 643 2518 6051
673 2485 768 2526 (app.
795 2493 827 2516 n.
846 2484 915 2523 94).

325 2540 353 2582 7)
380 2539 479 2574 Caes.
506 2539 586 2574 bell.
614 2539 678 2574 civ.
705 2539 756 2573 ΠΙ
785 2542 865 2583 102;
893 2539 935 2572 cf.
964 2539 1071 2572 etiam
1097 2537 1165 2572 Dio
1193 2537 1338 2571 Cassius
1367 2539 1419 2571 68.
1447 2539 1501 2571 24.

324 2596 355 2639 εῐ)
379 2596 553 2641 Iosephus
579 2602 650 2631 ant.
676 2596 752 2631 Iud.
778 2596 862 2630 XIV
887 2600 917 2631 5.
944 2598 965 2630 2
991 2595 1049 2638 (ef.
1079 2592 1197 2628 XXIV
1224 2596 1255 2629 6.
1281 2596 1327 2636 2).

264 2652 267 2654 ’
324 2654 352 2698 9)
379 2654 458 2688 vide
485 2664 577 2697 quae
604 2653 646 2688 de
673 2652 931 2688 mercatoribus
952 2652 1108 2697 Syriacis
1132 2652 1168 2685 in
1193 2651 1318 2685 ultima
1337 2656 1439 2695 parte
1457 2650 1566 2684 huius
1584 2649 1714 2694 capitis

211 2722 245 2756 p.
263 2713 321 2754 79)
349 2711 507 2755 disputo.
