1928 2884
138 228 313 270 habebat
346 231 447 281 (scil.
469 233 628 283 Verres)
656 231 835 273 homines
857 231 1044 273 honestos
1067 246 1086 272 e
1108 238 1304 273 conventu
1326 230 1636 287 Syracusano«.

138 302 267 350 Atque
298 300 336 339 in
376 314 423 339 eo
456 302 633 349 consilio,
674 302 713 340 in
745 314 824 352 quo
855 315 903 342 ex
933 304 1016 353 lege
1046 302 1159 341 Aelia
1190 303 1322 341 Sentia
1353 316 1388 340 a.
1412 305 1450 343 4.
1483 316 1520 352 p.
1545 302 1636 340 Chr.

137 382 175 409 n.
208 369 307 407 servi
338 370 561 408 manumitti
603 371 799 421 solebant,
841 370 977 421 viginti
1016 378 1305 420 recuperatores
1345 370 1384 409 in
1424 370 1638 421 provinciis

137 438 241 475 cives
273 439 478 476 Romanos
509 438 625 476 fuisse
656 439 761 488 apud
793 435 1132 486 iurisconsultos¹)
1163 435 1383 487 traditur2).

253 506 331 544 Sed
354 513 503 555 praeter
520 507 625 544 hunc
646 507 686 544 in
706 506 861 545 iudiciis
883 506 1165 545 constituendis
1180 519 1293 545 usum
1316 514 1512 557 praetores
1534 520 1567 547 c.
1586 508 1636 545 R.

136 581 353 612 conventus
395 574 500 613 varie
538 575 577 612 in
615 574 824 624 provinciis
866 575 1188 613 administrandis
1230 569 1482 616 adhibebant.
1552 577 1636 614 Iam

135 643 242 688 illud,
275 643 479 692 quomodo
513 643 658 693 Scipio,
691 655 781 681 curn
814 656 883 693 per
903 643 1039 682 Asiam
1072 643 1142 682 iter
1173 645 1274 691 fecit,
1309 644 1461 683 civibus
1484 646 1637 683 Roma-

135 710 195 749 nis
226 723 294 760 per
324 711 499 761 singulos
520 719 736 749 conventus
759 711 945 761 pecunias
976 711 1214 761 imperasset,
1247 712 1461 751 attulimus.
1515 714 1638 763 Saepe

135 779 187 816 ad
216 778 386 829 legiones
417 780 657 830 supplendas
688 793 735 818 ex
763 779 823 818 his
855 780 1006 819 civibus
1043 780 1082 818 in
1113 781 1326 830 provinciis
1363 780 1635 820 habitantibus

135 846 275 885 milites
313 847 558 898 conscriptos
598 861 682 887 esse
721 861 936 899 eorumque
976 850 1160 888 dilectum
1202 850 1348 888 factum
1390 863 1473 889 esse
1513 857 1551 888 et
1587 863 1635 888 ex

138 915 302 954 coloniis
334 923 371 954 et
400 929 447 955 ex
479 917 638 967 singulis
671 919 928 957 conventibus
959 917 1122 968 legimus
1134 915 1179 967 ³).

248 985 332 1023 Iam
365 997 458 1024 vero
489 985 700 1036 quaeritur,
733 998 836 1036 quae
866 986 964 1024 ratio
995 985 1106 1024 fuerit
1136 987 1235 1024 inter
1265 993 1481 1025 conventus
1518 994 1636 1037 atque

135 1066 200 1091 eas
231 1054 359 1101 urbes,
392 1054 433 1092 in
464 1053 608 1103 quibus
640 1055 906 1093 consistebant
944 1054 1048 1093 cives
1079 1054 1264 1093 Romani.
1327 1057 1388 1093 Ac
1425 1054 1520 1093 illud
1550 1055 1636 1104 qui-

135 1122 226 1160 dem
256 1121 334 1160 iam
366 1123 404 1161 in
425 1124 630 1172 prooemio
652 1123 933 1174 explicavimus
956 1123 1210 1162 consistentes
1231 1136 1313 1162 non
1344 1123 1424 1162 iure
1445 1122 1636 1162 domicilii

134 1190 263 1241 fuisse,
295 1203 415 1241 quam
447 1193 500 1230 ob
531 1205 610 1230 rem
634 1205 795 1231 munera
815 1193 1075 1242 honoresque,
1110 1192 1251 1242 quibus
1272 1191 1375 1231 cives
1405 1192 1635 1241 incolaeque

134 1258 239 1297 urbis
271 1261 543 1310 fungebantur,
574 1274 656 1299 non
687 1260 964 1310 suscipiebant.
1025 1261 1073 1298 Id
1113 1272 1271 1310 quoque
1311 1260 1389 1299 iam
1420 1260 1632 1311 attigimus,

135 1326 165 1365 si
196 1326 365 1377 primurn
397 1329 603 1367 Romanos
639 1328 679 1366 in
720 1328 877 1379 oppidis
920 1327 1218 1378 provincialium
1257 1329 1478 1367 habitantes
1515 1329 1632 1379 respi-

134 1394 272 1443 cimus,
304 1395 362 1434 ius
392 1396 446 1434 eis
479 1395 626 1435 dictum
659 1409 743 1436 esse
774 1397 865 1436 solis
886 1410 910 1434 a
930 1397 1217 1447 magistratibus
1240 1395 1495 1447 Romanis4);
1527 1398 1633 1436 unde

135 1464 310 1511 efficitur,
341 1471 383 1502 ut
413 1477 461 1502 ex
492 1463 550 1512 iis,
585 1466 652 1514 qui
683 1465 769 1503 urbi
799 1464 1010 1515 praepositi
1037 1471 1162 1511 erant,
1196 1466 1306 1503 nullo
1337 1465 1459 1504 modo
1489 1479 1634 1517 pepen-

135 1532 261 1570 derint
291 1532 496 1583 ipsamque
527 1534 812 1584 rempublicam
843 1534 883 1572 in
914 1534 1113 1584 republica
1144 1536 1349 1574 tenuerint.
1412 1536 1478 1575 Sic
1508 1536 1549 1573 in
1578 1535 1633 1574 eis

133 1599 379 1649 potissimum
411 1601 549 1648 titulis,
590 1602 630 1639 in
662 1601 805 1651 quibus
847 1614 924 1640 una
961 1614 1052 1640 cum
1083 1602 1220 1641 ordine
1260 1605 1489 1654 populoque
1526 1604 1632 1643 urbis

132 1668 254 1718 ipsius
286 1669 432 1719 aliquid
473 1668 637 1720 agunt5)
679 1678 746 1708 aut
785 1669 1042 1721 decernuntss)
1082 1672 1196 1710 nobis
1239 1680 1330 1711 ante
1369 1674 1506 1712 oculos
1545 1685 1633 1723 pro-

247 1781 274 1821 l)
303 1779 370 1813 Gai
394 1779 480 1814 Inst.
506 1779 522 1813 I
551 1782 700 1825 18—213
727 1781 807 1825 Ulp.
833 1781 874 1816 fr.
901 1782 916 1815 I
944 1784 1086 1817 12—14.

247 1837 276 1878 2)
301 1837 401 1871 Haec
435 1837 552 1871 omnia
585 1842 704 1871 autem
735 1838 869 1873 liberae
900 1839 1121 1883 reipublicae
1153 1839 1373 1883 temporibus
1407 1849 1449 1874 ac
1479 1839 1631 1874 fortasse

133 1893 248 1938 prima
273 1898 391 1928 aetate
416 1894 640 1938 principatus
658 1894 833 1929 valebant.
876 1895 968 1930 Nam
993 1896 1058 1930 sub
1075 1896 1351 1940 imperatoribus
1370 1897 1484 1940 magis
1501 1897 1631 1941 magis-

135 1962 204 1994 que
229 1971 273 1976 —
299 1951 412 1995 primo
437 1951 520 1986 solis
546 1952 582 1985 in
608 1952 800 1996 provinciis
826 1953 999 1997 principis
1017 1974 1060 1978 —
1078 1953 1171 1988 cives
1188 1953 1340 1988 Romani
1364 1964 1408 1988 ex
1425 1958 1631 1998 praetorum

133 2008 291 2042 consiliis
317 2008 538 2042 eiciebantur
563 2015 671 2054 atque
702 2020 746 2044 ex
772 2010 916 2045 cohorte
949 2010 1124 2055 praesidis
1156 2010 1266 2045 fiebat
1297 2010 1400 2055 quasi
1431 2010 1517 2045 ordo
1548 2020 1630 2045 con-

132 2066 366 2110 siliariorum,
405 2067 465 2109 qui
502 2067 701 2102 mercedem
736 2068 963 2113 accipiebant
995 2074 1031 2103 et
1063 2068 1268 2104 adsessores
1299 2067 1528 2102 vocabantur.
1585 2066 1630 2102 cf.

131 2122 329 2157 Mommsen
356 2123 404 2157 St.
430 2123 472 2157 R.
497 2124 514 2158 I
539 2135 572 2168 p.
589 2127 666 2160 318.

245 2180 273 2218 3)
300 2180 371 2215 Cic.
398 2180 443 2214 ad
461 2182 534 2216 Att.
552 2182 585 2216 V
613 2185 663 2227 18,
689 2186 728 2227 23
756 2183 856 2218 Caes.
875 2183 956 2220 bell.
975 2184 1040 2219 civ.
1058 2183 1111 2217 III
1134 2186 1166 2218 4.
1195 2186 1230 2227 13
1259 2185 1333 2217 102.
1357 2184 1398 2226 23
1426 2185 1509 2226 1033
1534 2182 1627 2217 Hirt.

131 2236 211 2271 bell.
236 2237 339 2271 Alex.
365 2240 418 2272 56.
443 2241 475 2272 4.

244 2295 274 2337 4)
300 2294 371 2329 Cic.
397 2305 460 2338 pro
484 2295 614 2331 Flacco
640 2299 694 2332 29.
720 2298 774 2332 71.

246 2354 275 2391 ⁵)
300 2352 513 2387 Huiusmodi
538 2353 633 2387 tituli
656 2354 865 2398 plerumque
891 2355 1086 2399 incipiunt:
1114 2354 1166 2388 »Ὁ
1191 2354 1300 2398 δῆμος
1325 2353 1383 2386 καὶ
1407 2353 1440 2385 οἱ
1465 2364 1627 2397 apamia-

65 2428 67 2430 ·
131 2410 321 2450 τευόμενοι
345 2412 624 2452 (κατοικοῦντες)
649 2410 737 2453 παρ’
766 2410 848 2454 ἡμῖν
881 2408 1060 2452 Ῥωμαῖοια
1078 2438 1177 2445 .....
1215 2410 1271 2445 vel
1297 2408 1352 2443 »Ἡ
1381 2409 1497 2453 βουλὴ
1522 2410 1579 2442 καὶ
1608 2411 1627 2443 ὁ

130 2466 242 2509 δῆμος
265 2466 322 2499 καὶ
347 2467 379 2499 οἱ
405 2467 769 2510 πραγματευόμενυια
797 2468 870 2502 κτλ.

244 2524 274 2566 ⁶)
301 2524 463 2567 Sterrett‚
488 2523 624 2567 Papers
649 2523 665 2556 Ι
691 2534 724 2567 p.
743 2526 786 2559 55
812 2535 845 2558 n.
859 2527 904 2559 28
928 2526 1022 2569 (app.
1048 2536 1082 2559 n.
1100 2526 1173 2568 63):
1202 2523 1394 2568 »δεδόχθαι
1419 2525 1468 2569 τῇ
1494 2524 1626 2570 [βουλῇ

129 2581 185 2614 καὶ
210 2583 261 2626 τῷ
288 2581 403 2626 δ]ήμῳ
430 2581 485 2614 καὶ
510 2581 586 2618 τοῖς
603 2582 974 2627 πραγματευομ[ένοις
991 2582 1081 2626 παρ’
1100 2582 1182 2627 ἡμῖν
1199 2578 1431 2626 “Ρ]ωμαίοις((.
1469 2580 1511 2614 cf.
1530 2580 1625 2625 Eph.

129 2638 240 2682 epigr.
266 2638 298 2673 V
322 2649 355 2683 p.
376 2641 440 2673 155
465 2639 560 2683 (app.
586 2649 619 2672 n.
644 2640 711 2683 57).
