1928 2884
835 99 1083 138 ...4-

213 229 301 268 cani
331 235 368 267 et
397 225 660 278 negotiatores
692 231 894 273 tamquam
925 220 1145 268 hirudines,
1183 227 1225 258 ut
1256 219 1311 259 ita
1341 220 1490 268 dicam,
1524 220 1591 271 qui
1622 234 1707 259 san-

212 297 368 348 guinem
399 306 618 344 nervosque
649 290 940 343 provinciarum
962 290 1212 340 exsugebant,
1242 288 1517 339 viderenturl).
1564 292 1710 329 Totam

214 366 316 404 enim
347 363 605 415 argentariam
636 359 893 411 negotiatores
925 359 1097 396 Romani
1130 357 1171 396 in
1201 357 1414 407 provinciis
1451 359 1490 397 in
1529 360 1710 398 manibus

214 435 424 480 habebant,
461 439 502 469 ut
534 430 672 469 Cicero
704 429 753 467 de
784 428 914 466 Gallia
944 426 1194 466 Narbonensi
1226 427 1355 466 dicere
1385 436 1518 478 posset
1561 426 1712 467 »nemi-

215 515 302 540 nem
345 496 565 540 Gallorum
608 496 693 535 sine
734 494 817 542 cive
856 493 1046 534 Romano
1088 492 1322 549 quidquam
1363 495 1519 549 neqolii
1554 509 1711 550 gerere,

219 582 431 608 nummum
462 566 504 606 in
541 562 689 606 Gallia.
720 561 880 603 nullum
919 563 1008 603 sine
1047 563 1199 603 civium
1231 562 1519 603 Romanorum
1557 562 1713 604 tabulis

216 634 481 678 commoveri«
497 633 543 687 2).
604 637 734 685 Atque
764 633 802 672 in
834 635 909 672 hac
939 634 1025 684 ipsa
1055 634 1203 672 ratione
1234 641 1418 684 quaestus
1449 633 1619 674 faciendi
1648 646 1714 673 ne-

216 696 361 745 minem
390 705 463 744 nisi
495 704 621 743 civem
654 705 883 742 Romanum
921 704 1064 741 versari
1102 703 1292 753 potuisse,
1333 702 1415 741 sive
1451 703 1529 741 hoc
1564 703 1714 741 factum

215 783 273 814 est
300 763 373 813 illis
404 772 610 824 privilegiis
633 775 919 819 Romanorum,
953 771 1107 821 quibus,
1139 779 1180 811 ut
1209 771 1401 823 peregrini
1422 771 1602 810 homines
1624 783 1716 810 cum

215 843 275 881 his
312 847 600 888 concertarent,
640 840 721 878 fieri
758 852 838 878 non
876 847 1048 889 poterat,
1087 839 1168 878 sive
1205 840 1257 878 ita
1293 853 1316 878 a
1353 847 1489 879 senatu
1527 842 1714 879 Romano

217 910 467 949 constitutum
510 916 609 956 erat,
651 916 813 959 apparet
853 921 901 946 ex
939 920 986 947 ea
1022 921 1079 955 re,
1123 909 1232 958 quod
1273 922 1352 947 vox
1393 909 1476 957 illa,
1519 921 1620 958 quae
1660 915 1718 947 est

221 977 569 1033 »neyotiafores«,
611 977 715 1016 idem
747 977 1030 1028 significatione
1061 979 1165 1015 valet
1201 990 1248 1015 ac
1286 977 1390 1016 cives
1422 977 1595 1015 Romani
1635 989 1718 1015 sae-

217 1049 384 1100 piusque
414 1047 522 1097 apud
553 1046 783 1085 Ciceronem
813 1047 954 1084 horum
988 1047 1078 1084 loco
1109 1045 1373 1096 negotiatores
1409 1045 1719 1096 provincialibus

219 1113 528 1168 opponuntur³)‚
561 1115 662 1155 sicut
691 1128 763 1154 nos
796 1127 931 1165 paene,
964 1126 1054 1152 cum
1087 1114 1255 1153 dicimus
1292 1112 1583 1167 »Bzzuquiw«,
1622 1126 1721 1153 sem·

333 1252 359 1295 l)
384 1249 572 1284 Publicani
598 1249 709 1292 igitur
735 1252 843 1291 atque
868 1248 1110 1291 negotiatores
1136 1248 1289 1282 maxime
1314 1248 1421 1282 etiam
1441 1248 1721 1292 provincialibus

221 1308 301 1343 odio
328 1312 439 1342 erant.
489 1306 532 1341 cf.
559 1306 630 1341 Cic.
656 1306 693 1340 in
717 1306 819 1340 Verr.
845 1306 867 1340 l.
893 1305 926 1340 ll
952 1308 982 1341 3.
1009 1307 1040 1342 7.

333 1365 362 1410 2)
388 1365 459 1400 Cic.
485 1374 549 1408 pro
576 1364 678 1398 Font.
705 1363 735 1398 V
764 1367 802 1398 11
830 1363 858 1407 (I
887 1366 928 1407 1).
1149 1396 1163 1406 „

339 1423 367 1466 3)
394 1422 465 1456 Cic.
491 1421 529 1455 in
554 1421 656 1456 Verr.
682 1421 703 1455 l.
730 1421 779 1455 IV
804 1423 859 1456 24.
885 1424 945 1456 54:
982 1422 1133 1466 »quanti
1164 1422 1262 1455 testis
1292 1421 1448 1461 Siculos,
1480 1423 1724 1468 neyotiatores

220 1481 378 1526 fecerit«.
417 1500 460 1504 —
497 1479 543 1513 ib.
569 1479 590 1513 1.
616 1478 669 1512 ΙΠ
704 1481 754 1514 18.
782 1482 841 1513 45:
884 1491 955 1513 »an
987 1479 1034 1513 ab
1066 1478 1200 1513 Siculis
1217 1506 1333 1514 .....
1364 1479 1723 1525 neyotiatoribusque

224 1538 370 1572 Siciliae
401 1536 528 1571 doctus
559 1540 661 1570 esim
703 1555 746 1561 —
783 1535 830 1569 ib.
857 1534 878 1568 l.
905 1535 936 1569 V
961 1538 992 1568 4.
1018 1538 1057 1569 8:
1097 1535 1266 1569 »Etenim
1298 1547 1379 1569 cum
1411 1535 1503 1569 nihil
1533 1540 1611 1569 tam
1643 1547 1726 1570 con·

225 1597 389 1630 iunctum
414 1595 470 1633 sit,
503 1606 617 1639 quam
643 1594 888 1638 neyotiatores
914 1593 1031 1626 nostri
1055 1604 1136 1625 cumv
1163 1592 1334 1627 Siculis«.
1368 1613 1411 1617 —
1438 1603 1491 1636 ep.
1521 1592 1566 1626 ad
1590 1593 1665 1629 Att.
1691 1593 1726 1627 II

229 1657 278 1689 16.
303 1657 341 1689 4:
383 1654 603 1687 »universae
635 1650 751 1685 Asiae
782 1655 814 1684 et
844 1649 1171 1695 iieyotiatoribus«.
1211 1670 1254 1674 —
1291 1649 1337 1683 ad
1368 1649 1487 1692 Quint.
1519 1649 1560 1684 fr.
1586 1649 1603 1683 1
1631 1653 1659 1684 1.
1686 1652 1724 1686 2;

229 1711 339 1746 »dum
363 1711 477 1744 saluti
500 1710 681 1744 sociorum
713 1707 877 1745 consulo.
911 1706 999 1740 dum
1033 1707 1288 1752 impudentiae
1321 1706 1584 1741 nonnullorum
1616 1718 1726 1752 neqo-

227 1770 401 1803 tiatorum
432 1768 591 1801 resisto«.
652 1765 694 1799 cf.
728 1766 836 1799 etiam
867 1764 948 1798 Sall.
976 1765 1051 1808 lug.
1077 1767 1131 1799 26.
1158 1768 1194 1800 3:
1236 1764 1448 1799 »Numidas
1479 1770 1589 1809 atque
1621 1776 1728 1810 neqo—

226 1828 407 1860 tiatores.«
452 1845 494 1850 —-
546 1824 615 1858 Sed
656 1823 757 1858 valde
798 1823 927 1857 mirum
968 1829 1038 1867 est,
1082 1823 1111 1857 si
1153 1827 1296 1866 praeter
1337 1822 1432 1856 cives
1474 1821 1652 1857 Romanos
1690 1822 1728 1856 in

227 1883 365 1917 duobus
397 1883 611 1926 scriptorum
646 1881 734 1916 locis
771 1882 1013 1924 negotiatores
1046 1880 1261 1925 afferuntur,
1300 1880 1433 1924 quippe
1471 1879 1532 1923 qui
1565 1880 1636 1915 illis
1667 1890 1728 1915 ne-

227 1940 382 1975 cessario
413 1940 485 1973 iam
518 1938 777 1974 contineantur.
844 1938 1025 1972 Orationis
1058 1938 1151 1972 enim
1186 1948 1249 1981 pro
1282 1937 1433 1971 Fonteio
1467 1936 1587 1981 initio,
1624 1947 1729 1980 quem

227 1997 344 2031 locum
369 1996 475 2040 paulo
501 2002 608 2031 antea
632 1996 868 2040 laudavimus,
899 1996 989 2030 haec
1014 1996 1182 2039 legimus:
1219 1997 1378 2039 »referta
1410 1994 1540 2028 Gallia
1564 1995 1728 2040 περσεία-

229 2059 348 2088 torum
374 2059 440 2092 est,
469 2054 586 2099 plena
611 2054 743 2087 civium
770 2054 1051 2087 Romanorum«
1081 2057 1116 2086 et
1140 2051 1235 2095 apud
1261 2052 1437 2086 Velleium
1463 2051 1496 2084 II
1525 2053 1606 2086 110:
1644 2062 1728 2096 »op-

229 2111 346 2156 pressi
376 2112 468 2144 cives
500 2111 685 2150 Romani,
717 2111 897 2144 trucidati
928 2111 1204 2156 negotiatores«.
1264 2108 1362 2152 Quae
1394 2109 1491 2143 nullo
1524 2108 1594 2142 alio
1625 2108 1728 2143 modo

230 2167 403 2212 explicari
428 2178 533 2211 posse
558 2167 694 2212 iudico,
730 2168 799 2202 nisi
824 2167 924 2211 inde,
960 2167 1053 2210 quod
1085 2167 1327 2210 negotiatores
1358 2167 1452 2200 inter
1482 2175 1603 2200 omnes
1635 2165 1729 2200 cives

229 2225 407 2259 Romanos
434 2225 696 2269 provinciarum
724 2224 846 2258 ordine
873 2228 980 2267 atque
1007 2223 1181 2267 pecuniis,
1216 2223 1424 2266 plerumque
1451 2222 1559 2256 etiam
1583 2231 1730 2255 numero

230 2281 382 2326 primum
418 2281 535 2316 locum
566 2281 764 2324 habebant,
803 2281 838 2314 id
872 2280 967 2324 quod
1001 2279 1253 2324 comprobatur
1290 2280 1350 2314 illo
1384 2279 1616 2313 Verrinarum
1652 2279 1730 2313 loco

231 2339 265 2382 (l.
283 2338 318 2372 Π
339 2342 388 2375 13.
405 2341 472 2383 34),
499 2349 604 2382 quem
629 2339 723 2373 infra
749 2339 953 2373 accuratius
979 2338 1305 2382 interpretabimur.
1346 2339 1465 2381 Atque
1490 2337 1569 2372 illos
1587 2342 1732 2381 praeter

231 2401 368 2430 ceteros
392 2405 538 2430 numero
565 2396 807 2440 praevaluisse
827 2396 1033 2430 Ciceronem
1059 2395 1121 2429 1.1.
1147 2395 1346 2438 exprimere
1370 2395 1406 2428 in
1425 2394 1542 2428 animo
1559 2394 1730 2429 habuisse

233 2464 276 2487 ex
300 2453 474 2487 adiectivo
500 2453 561 2487 illo
590 2455 804 2498 »refertus«,
837 2452 1074 2496 cognoscitur.
1130 2452 1238 2496 Apud
1263 2451 1439 2486 Velleium
1465 2461 1548 2485 vero
1573 2450 1667 2485 inter
1693 2461 1731 2485 se

233 2515 460 2553 opponuntur
486 2511 592 2545 verba
620 2510 827 2556 »oppressi«
861 2514 897 2544 et
923 2508 1154 2543 »trucidati«.
1213 2507 1464 2551 Negotiatores
1497 2518 1518 2541 a
1550 2506 1730 2542 seditiosis

233 2567 402 2602 trucidati
428 2573 521 2612 sunt,
547 2569 633 2612 quia
657 2567 929 2612 locupletissimi
955 2571 1058 2600 erant
1084 2576 1232 2609 eamque
1259 2565 1303 2600 ob
1329 2576 1403 2600 rem
1428 2564 1580 2599 maxime
1606 2564 1732 2610 odiosi,

235 2630 273 2660 ut
296 2625 367 2659 iam
392 2635 501 2669 supra
526 2625 659 2661 dictum
685 2630 750 2670 est,
775 2625 885 2660 ceteri
911 2624 1006 2658 cives
1031 2628 1169 2658 tantum
1195 2622 1346 2658 subiecti
1372 2627 1479 2667 atque
1505 2622 1678 2667 oppressi.
