1928 2884
761 94 1042 133 ,46-

151 222 298 264 nerent,
329 215 407 254 iam
441 216 591 255 dictum
622 223 692 255 est.
756 217 836 256 Sed
866 217 965 256 inter
994 216 1219 256 huiusmodi
1250 228 1409 268 quoque
1438 224 1654 256 conventus

152 290 210 322 est
240 286 461 335 exemplum
485 285 688 335 quoddam
710 286 825 324 valde
848 286 1111 336 memorabile,
1143 287 1168 324 i.
1192 299 1225 327 e.
1259 294 1478 326 conventus
1499 287 1656 324 Mascu-

152 353 274 403 luIae,
314 353 383 392 ubi
419 353 525 393 cives
564 354 738 392 Romani
777 362 815 393 et
852 355 1051 394 Numidae
1088 367 1168 394 uno
1214 362 1413 394 conventu
1457 353 1656 393 coniuncti

153 428 273 468 erant,
305 428 346 458 ut
377 422 428 459 ab
459 421 531 460 illis
562 422 784 473 peregrinos
816 423 1008 471 homines,
1042 423 1133 472 quia
1155 425 1233 462 hoc
1263 424 1303 462 in
1333 425 1424 462 loco
1447 424 1539 461 urbs
1560 421 1656 460 eius-

153 501 230 540 que
259 490 548 529 administratio
580 491 734 538 deerat,
775 499 954 541 receptos
995 505 1080 530 esse
1121 491 1379 533 coniciamus.
1442 492 1556 540 Quae
1587 490 1657 528 ad-

155 558 323 596 modum
355 558 453 596 mira
484 559 662 597 videntur
693 567 811 609 atque
842 560 908 597 vix
939 560 1124 610 explicari
1139 559 1167 611 ¹)
1200 568 1377 611 possunt.
1424 561 1529 598 Nam
1558 558 1658 597 illud

153 626 280 676 ipsum
322 633 401 664 erat
441 627 582 664 horum
615 636 880 666 conventuum
920 628 1144 679 proprium,
1187 629 1296 678 quod
1335 628 1438 666 cives
1469 627 1655 674 Romani,

154 694 221 744 qui
251 693 465 744 praecipuo
495 694 577 733 iure
608 695 802 745 variisque
832 696 1043 747 privilegiis
1085 697 1221 735 ceteris
1259 696 1546 735 habitatoribus
1585 695 1658 733 im-

154 762 249 812 perii
279 764 576 811 antecedebant,
607 765 657 802 ab
688 764 748 802 his
779 764 845 803 illo
877 765 1000 803 modo
1032 767 1347 816 segregabantur.

268 832 372 869 Nam
395 839 586 881 quantum
608 832 781 870 Romani
802 833 1062 883 negotiatores
1085 833 1279 884 ceterique
1300 847 1347 872 ex
1368 834 1481 872 Italia
1503 832 1659 872 oriundi

154 913 194 938 re
224 913 330 947 vera,
371 913 451 938 non
488 900 568 938 iure
607 900 683 939 alio
722 901 795 939 nisi
836 901 994 940 civitate
1030 914 1100 939 sua
1135 902 1262 940 adiuti
1302 910 1461 952 propter
1510 900 1658 951 magni·

155 968 331 1007 tudinem
359 968 513 1019 imperii
540 968 580 1007 in
607 969 662 1007 eis
690 969 863 1017 urbibus,
896 970 963 1008 ubi
988 970 1268 1018 consistebant,
1298 970 1500 1018 valuerint,
1530 969 1659 1008 multis

157 1036 346 1087 exemplis
376 1037 534 1086 probari
564 1045 704 1087 potest,
737 1051 784 1076 ex
805 1038 947 1088 quibus
979 1039 1157 1085 efficitur,
1191 1048 1233 1077 ut
1262 1039 1419 1077 illorum
1442 1046 1660 1077 conventus

155 1120 227 1157 par
246 1106 360 1144 fuerit
390 1106 479 1145 urbi
514 1106 587 1157 ipsi
618 1107 850 1157 saepiusque
890 1108 1097 1158 potentior.
1159 1107 1371 1158 Pompeius
1402 1107 1527 1155 enim,
1569 1119 1660 1145 cum

156 1187 289 1225 pugna
324 1176 374 1213 ad
412 1176 641 1214 Pharsalum
680 1176 891 1215 commissa
929 1177 1088 1227 fugisset
1123 1184 1241 1227 atque
1277 1178 1318 1215 in
1351 1177 1502 1226 Syriam
1540 1176 1660 1215 intra-

157 1251 265 1282 turus
306 1251 423 1294 esset,
466 1244 652 1294 cognovit
689 1243 730 1282 in
767 1246 900 1294 Cypro
937 1258 1069 1283 arcem
1106 1244 1342 1284 Antiochiae
1381 1253 1538 1296 captam
1577 1257 1662 1283 esse

157 1313 391 1352 excludendi
431 1314 489 1351 sui
531 1325 672 1363 causa,
720 1314 828 1362 quod
869 1315 1015 1352 factum
1057 1321 1157 1352 esset
1210 1326 1435 1352 »consensu
1481 1311 1660 1353 omnium

158 1379 512 1420 Antiochensium
529 1380 756 1435 civiumque
765 1379 1063 1431 Romanorum,
1076 1381 1147 1434 qui
1160 1379 1246 1421 illie
1259 1380 1600 1430 negotiabantur«
1611 1378 1658 1428 ²).

157 1450 283 1489 Italici
315 1464 428 1499 vero,
467 1452 535 1501 qui
568 1451 698 1490 Cirtae
730 1450 994 1490 consistebant
1033 1451 1111 1490 iam
1143 1458 1269 1490 aetate
1308 1452 1400 1490 belli
1431 1451 1661 1503 Iugurthini,

157 1521 375 1559 suadebant
405 1521 636 1567 Adherbali,
674 1527 716 1559 ut
746 1520 937 1570 oppidum
969 1534 992 1558 a
1024 1522 1211 1571 Iugurtha
1242 1522 1447 1559 obsessum
1478 1521 1660 1559 traderet.

157 1591 195 1628 Is
225 1596 370 1637 autem,
404 1601 646 1639 quamquam
678 1588 901 1627 adversario
930 1601 1000 1627 suo
1022 1590 1102 1627 iure
1125 1589 1285 1627 minime
1307 1590 1546 1634 confidebat,
1579 1601 1663 1639 per-

157 1658 379 1708 niciemque
408 1666 449 1696 ut
491 1658 565 1697 sibi
605 1659 655 1696 ab
694 1659 760 1696 illo
801 1666 1000 1708 pararetur
1037 1658 1293 1708 providebat,
1336 1665 1490 1708 tamen,
1535 1656 1663 1710 »quia

151 1739 282 1779 penes
314 1724 485 1775 eosdem,
519 1725 558 1765 si
592 1723 909 1775 admo-seretur,
939 1723 1119 1779 coqundi
1146 1732 1335 1780 potestas
1358 1731 1461 1775 erat,
1495 1724 1569 1775 ita,
1601 1724 1664 1765 uti

159 1799 408 1833 censuerant
443 1792 609 1844 Italici,
652 1791 906 1833 deditionem
944 1791 1143 1846 faeit«3).
1207 1796 1329 1844 Quod
1369 1808 1417 1834 ex
1457 1795 1516 1834 his
1557 1795 1664 1845 apud

273 1943 299 1983 l)
327 1941 469 1976 Titulus
500 1941 579 1976 divo
612 1942 776 1985 Augusto
809 1941 994 1977 dedicatus
1026 1941 1134 1986 paulo
1167 1946 1248 1985 post
1280 1945 1430 1976 mortem
1460 1940 1567 1975 huius
1598 1940 1662 1975 im-

159 1998 335 2041 peratoris
361 1999 501 2042 positus
528 2009 605 2033 esse
631 1999 781 2034 videtur.
835 1999 1065 2033 »Conventus
1089 1999 1222 2032 civium
1243 1998 1506 2032 Romanorum
1533 2002 1565 2031 et
1581 1997 1662 2031 Nu-

158 2054 370 2089 midarum«
398 2055 551 2090 fortasse
577 2056 720 2090 minime
747 2060 914 2090 accurate
940 2055 1074 2089 dictum
1100 2060 1154 2089 est
1179 2064 1242 2098 pro
1267 2053 1420 2088 formula
1448 2059 1663 2087 »conventus

159 2111 291 2145 civium
309 2112 573 2147 Romanorum
599 2119 631 2147 et
649 2113 873 2146 Numidae«.
922 2111 994 2146 Vix
1019 2111 1113 2146 enim
1139 2111 1292 2145 conferri
1319 2115 1437 2154 potest
1462 2110 1554 2145 alter
1579 2111 1664 2145 titu-

159 2169 215 2203 lus
240 2168 433 2205 Africanus
458 2180 489 2204 a.
511 2171 574 2205 167
601 2181 634 2214 p.
657 2170 738 2204 Chr.
757 2181 789 2203 n.
817 2180 861 2203 ex
877 2168 1107 2203 Mauretania
1126 2168 1363 2212 Caesariensi,
1389 2167 1451 2202 ubi
1480 2169 1664 2202 »veterani

160 2232 192 2260 et
220 2228 369 2272 payani
399 2229 630 2262 consistentes
662 2232 758 2272 aput
790 2227 1011 2271 Rapidum«
1046 2237 1185 2260 murum
1220 2225 1440 2260 exstruxisse
1472 2224 1663 2260 traduntur

165 2286 343 2330 »pecunia
370 2291 402 2318 et
425 2290 547 2319 sumtu
575 2286 675 2319 omni
699 2296 764 2318 suo
789 2284 830 2318 id
857 2290 907 2318 est
933 2284 1203 2328 veteranorum
1230 2288 1262 2316 et
1287 2283 1538 2328 payanorum]
1560 2284 1662 2317 intra

161 2342 343 2388 eunde[m]
370 2342 549 2387 m[u]rum
574 2341 912 2387 i[n]habitantium«
942 2340 1000 2382 (cf.
1019 2340 1168 2383 Ephem.
1189 2339 1299 2383 epigr.
1320 2340 1349 2374 V
1376 2351 1408 2373 n.
1426 2342 1517 2382 955).
1561 2340 1663 2375 Unde

162 2400 278 2434 elucet
302 2399 340 2433 in
364 2399 432 2433 hoc
457 2409 600 2442 quoque
626 2398 703 2432 loco
730 2398 825 2432 cives
848 2397 1027 2432 Romanos
1054 2402 1161 2440 atque
1187 2397 1374 2441 indigenas
1400 2396 1494 2431 inter
1519 2407 1556 2431 se
1583 2407 1665 2431 eon-

161 2457 302 2492 iunctos
329 2467 513 2492 commune
539 2467 648 2490 unum
675 2466 803 2499 corpus
830 2455 1001 2489 effecisse.
1052 2454 1121 2488 Sed
1146 2454 1183 2487 hi
1202 2459 1304 2488 erant
1321 2453 1492 2497 veterani,
1517 2463 1588 2487 non
1604 2464 1665 2488 ne-

163 2515 250 2559 gotii
276 2519 440 2559 gerentes
466 2514 571 2558 cives,
597 2518 636 2548 ut
659 2513 893 2547 Mascululae.

275 2573 305 2615 2)
331 2572 430 2607 Caes.
457 2572 536 2606 bell<
563 2571 628 2606 civ.
653 2571 705 2604 111
733 2573 806 2606 102.

276 2631 305 2676 3)
332 2630 416 2665 Sall.
443 2630 518 2674 Iug.
545 2632 598 2665 26.
