1928 2884
803 125 1081 163 -72-

191 252 428 290 societatum
459 262 526 300 per
556 257 681 288 totam
713 257 876 295 terram,
908 248 1118 299 praecipue
1157 261 1225 298 per
1256 247 1456 286 Baeticam
1497 245 1614 285 fuisse
1644 247 1698 284 vi-

192 317 358 367 detur¹).
422 320 474 356 At
513 317 654 367 partim
695 331 718 355 a
759 314 992 367 Caesare2),
1033 318 1174 367 partim
1214 317 1266 354 ab
1304 312 1529 367 Augusto-⁹³)
1576 315 1698 353 multa

192 388 342 438 oppida
372 386 664 437 provinciarum
695 386 853 424 civitate
885 383 1192 433 donabantur4).
1255 385 1358 422 Nam
1390 383 1505 422 huius
1543 391 1695 433 tempo-

193 456 300 495 ribus
331 456 550 494 secundum
582 454 751 493 Plinium
788 455 828 492 in
859 454 982 492 tribus
1014 453 1219 503 Hispaniis
1261 453 1338 490 iam
1370 459 1479 490 erant
1509 451 1698 502 quinqua-

193 524 302 575 ginta
322 523 537 573 municipia
566 524 628 561 vel
659 523 838 561 coloniae
860 519 1108 566 Romanaef’)
1141 529 1261 571 atque
1291 520 1437 570 oppida
1468 519 1576 558 latini
1607 519 1698 558 iuris

194 593 456 644 quadraginta
486 590 630 642 octoss).
693 591 958 641 Vespasianus
990 590 1241 641 paeninsulae
1271 589 1413 635 totius,
1451 601 1553 639 quae
1583 589 1699 627 urbes

196 663 257 700 vel
287 662 463 712 regiones
494 662 674 700 nondum
707 661 904 699 habebant
935 659 994 697 ius
1024 659 1126 697 Latii
1156 661 1448 705 Romanumve,
1481 657 1526 696 iis
1558 657 1616 695 ius
1646 658 1700 695 la-

196 730 320 769 tinum
355 730 475 775 dedit,
509 743 555 768 ex
585 742 665 779 quo
697 737 872 779 tempore
903 740 1040 766 omnes
1071 728 1150 765 fere
1181 734 1397 765 conventus
1428 739 1475 764 ex
1505 725 1701 776 Hispania

197 798 403 837 evanuisse
432 797 604 836 iudicavi
616 795 659 845 ⁷).

312 868 357 905 In
390 865 554 904 Gallia
585 872 714 903 autem
746 864 861 902 nobis
892 863 1194 902 discernendum
1227 874 1311 901 esse
1341 863 1439 901 inter
1470 863 1701 901 Narbonen-

199 949 280 974 sem
319 942 356 974 et
396 942 471 972 tres
512 935 660 973 Gallias
698 941 814 983 atque
854 932 933 971 illic
973 939 1191 971 conventus
1238 931 1382 970 civium
1426 932 1699 969 Romanorum

198 1004 376 1043 floruisse
406 1011 530 1042 aetate
559 1003 636 1041 iarn
668 1004 812 1041 liberae
841 1001 893 1040 rei
924 1001 1107 1051 publicae
1137 1014 1184 1039 ex
1213 999 1414 1039 Ciceronis
1444 999 1585 1049 verbis,
1617 999 1702 1049 qui-

199 1075 273 1112 bus
303 1074 409 1111 hanc
446 1072 691 1123 provinciam
732 1071 772 1109 in
810 1070 986 1109 oratione
1024 1083 1095 1120 pro
1126 1071 1273 1108 Flacco
1314 1069 1450 1107 habita
1486 1067 1701 1115 illustravit,

200 1141 302 1180 effici
333 1154 449 1191 posse
481 1137 842 1192 significavimusss).
906 1139 984 1178 Sed
1017 1147 1148 1177 tamen
1179 1139 1285 1176 nullo
1316 1137 1354 1176 in
1387 1138 1499 1176 titulo
1531 1149 1703 1175 conven-

201 1218 286 1248 tum
318 1209 622 1248 commemorari
661 1208 754 1246 inde
791 1207 1067 1257 explicandum
1100 1206 1272 1253 videtur,
1312 1207 1420 1256 quod
1459 1207 1531 1244 sub
1568 1205 1704 1256 primis

202 1277 504 1329 imperatoribus
550 1291 595 1316 ex
637 1277 896 1316 conventibus
942 1276 1086 1315 civium
1129 1278 1402 1314 Romanorum
1441 1275 1609 1325 oppida,
1655 1286 1703 1313 ex

204 1347 361 1397 oppidis
394 1346 607 1396 municipia
637 1347 739 1384 facta
770 1354 835 1384 aut
866 1345 1001 1383 ceteris
1034 1344 1072 1382 in
1112 1344 1207 1383 locis
1248 1344 1423 1382 civitates
1464 1343 1586 1382 latino
1623 1343 1704 1381 iure

203 1418 374 1456 donatae
404 1411 565 1465 erant9).

320 1487 452 1534 Atque
492 1483 531 1522 in
572 1491 648 1522 tres
689 1484 806 1522 etiam
846 1484 994 1523 Gallias
1033 1483 1109 1522 iam
1156 1483 1308 1534 pridem
1355 1484 1460 1521 cives
1501 1484 1706 1521 Romanos

205 1553 449 1604 immigrasse
480 1566 527 1591 ex
557 1553 694 1603 paucis
724 1552 762 1591 in
795 1552 972 1592 Caesaris
1003 1550 1297 1590 commentariis
1329 1552 1378 1589 de
1418 1551 1524 1589 bello
1561 1551 1706 1601 gallico

206 1621 317 1668 locis,
348 1621 413 1659 ubi
446 1621 572 1672 agitur
603 1621 654 1659 de
684 1621 894 1660 rebellione
926 1622 975 1660 ab
997 1620 1181 1659 omnibus
1213 1622 1290 1658 fere
1311 1620 1436 1658 Gallis
1466 1618 1594 1657 hieme
1615 1618 1706 1656 anni

208 1689 586 1740 701l53——702f5‘2
626 1691 729 1727 facta
769 1690 906 1727 elucet.
967 1691 1089 1727 Fuere
1126 1688 1280 1739 plurimi
1319 1687 1598 1738 negotiatores,
1640 1686 1707 1737 qui

208 1760 446 1797 frumentum
479 1757 517 1795 in
549 1766 648 1797 terra
680 1765 854 1809 emptum
887 1767 954 1797 aut
985 1765 1251 1808 exportarent,
1289 1764 1356 1795 aut
1393 1755 1578 1795 exercitui
1610 1757 1708 1796 Cae-

328 1919 354 1959 ι)
381 1916 481 1950 Caes.
507 1915 588 1950 bell.
616 1915 679 1949 civ.
706 1915 741 1948 II
770 1918 820 1950 18.
846 1918 869 1949 4
895 1920 929 1949 et
954 1915 1045 1949 Hirt.
1073 1915 1153 1950 bell.
1180 1915 1282 1949 Alex.
1308 1917 1362 1950 56.
1387 1917 1418 1948 4.

321 1974 351 2016 2)
376 1973 445 2007 Dio
472 1972 569 2007 Cass.
595 1975 649 2007 43.
675 1975 730 2007 39.

324 2033 353 2068 3)
380 2030 425 2064 ib.
451 2033 504 2064 54.
531 2031 587 2064 23.

326 2089 355 2130 4)
383 2087 510 2121 Strabo
537 2086 589 2120 ΠΙ
614 2090 644 2121 2.
675 2090 715 2122 15
742 2086 864 2130 (Jung,
890 2086 1037 2120 Roman.
1064 2086 1242 2121 Landsch.
1268 2098 1301 2131 p.
1322 2090 1387 2127 19).

327 2147 356 2180 ⁵>
382 2145 418 2178 in
445 2144 593 2179 Baetica
618 2144 702 2178 XIX
735 2144 823 2185 (Col.
850 2144 917 2188 ΙΧ;
950 2155 1042 2178 mun.
1070 2144 1134 2186 Χ);
1167 2144 1202 2178 in
1233 2143 1417 2188 provincia
1450 2141 1710 2176 Tarraconensi

215 2203 315 2236 XXV
343 2202 430 2244 (Col.
458 2201 542 2245 X113
566 2212 660 2235 mun.
688 2201 804 2245 XIII);
831 2201 865 2235 in
892 2201 1082 2236 Lusitania
1105 2200 1155 2234 VI
1181 2200 1264 2245 (Col.
1284 2200 1315 2233 V
1341 2204 1448 2243 atque
1475 2199 1488 2232 Ι
1515 2200 1633 2243 mun.).

328 2260 357 2299 ⁶)
382 2259 418 2292 in
442 2259 590 2292 Baetica
613 2258 761 2302 XXVII,
787 2258 822 2292 in
841 2269 938 2302 prov.
957 2258 1219 2293 Tarraconensi
1235 2257 1366 2300 XVIII,
1390 2257 1427 2290 in
1444 2256 1634 2290 Lusitania
1649 2256 1710 2290 ΙΙΙ.

330 2317 357 2358 7)
383 2316 423 2349 In
443 2315 559 2358 Spart.
578 2326 607 2348 v,
626 2315 736 2349 Hadr.
758 2318 808 2350 12.
827 2318 859 2359 4,
884 2315 943 2349 ubi
965 2315 1128 2348 »Italici«
1148 2314 1386 2357 nominantur,
1407 2323 1486 2347 cum
1504 2312 1534 2346 F
1537 2312 1711 2347 roehnero

215 2372 357 2414 (Philol.
383 2372 414 2406 V
442 2371 565 2416 Suppl.
593 2372 706 2417 [1889]
734 2383 767 2415 p.
785 2374 844 2412 29)
874 2372 1124 2405 »Italicenses«
1159 2371 1195 2404 in
1227 2375 1364 2405 textum
1395 2370 1593 2413 recipiendi
1619 2375 1711 2404 sunt..

215 2429 308 2464 Nam
334 2429 370 2463 in
396 2429 589 2473 Hispania,
623 2429 798 2473 quomodo
825 2429 889 2463 sub
914 2428 1098 2462 Hadriano
1125 2433 1160 2462 et
1190 2438 1317 2462 nomen
1348 2427 1437 2461 illud
1469 2432 1504 2461 et
1534 2437 1591 2461 res
1621 2426 1712 2471 ipsa,

216 2498 307 2531 quae
333 2497 374 2521 eo
401 2485 634 2531 significatur,
659 2486 810 2520 inveniri
836 2486 979 2530 potest?

332 2545 362 2587 8)
388 2543 431 2578 cf.
458 2543 564 2578 etiam
591 2543 694 2577 Diod.
720 2543 751 2576 V
776 2544 836 2586 273
864 2542 947 2577 Sall.
974 2542 1076 2577 Catil.
1103 2545 1157 2576 40.
1186 2545 1213 2576 1.

334 2602 364 2641 9)
389 2600 480 2635 Plin.
506 2600 550 2634 H.
576 2600 620 2634 N.
655 2600 705 2633 III
730 2603 761 2633 4.
787 2600 922 2634 31—37
953 2604 1086 2642 septem
1121 2598 1278 2632 colonias
1312 2597 1441 2633 civium
1472 2598 1714 2633 Romanorum

219 2663 327 2701 atque
353 2658 500 2701 triginta
526 2658 594 2692 tria
621 2657 752 2702 oppida
778 2662 840 2691 aut
865 2656 1027 2691 civitates
1052 2656 1140 2691 iuris
1165 2655 1267 2690 latini
1294 2661 1487 2690 enumerat.
