1907 2905
730 149 889 187 —43
953 168 1001 175 ..„.

129 273 362 312 doctissimo
402 270 602 310 assentior.
664 273 730 309 An
761 283 853 309 vero
895 282 1134 321 quemquam
1175 270 1363 321 aptiorem
1405 270 1617 310 iudicando

127 342 167 380 in
206 341 337 379 litibus
377 346 570 378 aratorum
612 347 649 378 et
694 340 1003 378 decumanorum
1051 339 1165 378 fuisse
1211 340 1454 389 putabimus,
1499 351 1617 389 quam

126 409 404 459 negotiatores,
447 407 514 457 qui
545 421 568 445 a
597 409 741 446 neutris
779 407 952 457 partibus
995 408 1174 446 stabant?
1233 409 1337 446 Nam
1379 409 1411 445 si
1450 414 1618 445 aratores

127 483 452 527 proponerentur,
495 477 665 514 futurum
697 477 837 526 fuisse,
879 484 921 515 ut
951 477 1030 515 hoc
1060 477 1208 514 damno
1245 484 1345 514 esset
1376 476 1618 522 decumanis,

126 544 265 582 Verres
295 543 378 593 ipse
410 542 560 581 dixerat
571 541 617 593 ¹).
680 545 818 594 Neque
848 556 940 582 vero
980 544 1072 582 inde
1102 551 1256 593 praetor
1294 543 1496 593 improbus
1528 555 1620 581 con·

128 612 240 650 clusit
270 612 528 662 negotiatores
560 625 581 649 e
612 620 810 651 conventu
849 613 1025 651 edendos
1067 612 1203 658 fuisse,
1247 612 1315 650 sed
1353 610 1532 649 homines
1573 624 1620 649 ex

127 692 198 719 sua
228 680 391 719 cohorte
419 692 640 731 proponere
671 681 744 719 sibi
774 680 939 719 licuisse.

243 750 442 799 Quoniam
472 748 597 799 igitur,
631 760 732 797 quae
752 749 805 786 ad
829 748 1000 787 Siciliam
1021 747 1227 797 pertinent,
1259 747 1449 797 persecuti
1473 759 1617 795 sumus,

128 821 227 858 haec
257 818 457 868 ponimus:
498 816 538 855 in
569 815 782 866 provinciis
795 813 828 866 ²)
861 817 991 854 multis
1021 816 1060 853 in
1092 817 1240 861 causis,
1284 816 1492 866 praecipue
1522 817 1622 854 inter

129 888 232 925 cives
262 889 466 925 Romanos
496 885 601 935 ipsos
633 885 780 923 iudices
822 898 844 923 a
880 885 1124 935 praetoribus
1161 885 1441 935 proponendos
1479 896 1562 922 esse
1601 897 1622 922 e

130 963 328 994 conventu
369 954 513 992 civium
544 956 818 992 Romanorum
858 956 942 1004 lege
981 954 1235 992 constitutum
1267 959 1347 991 erat
1385 952 1504 1001 idque
1539 952 1622 990 fieri

130 1022 258 1072 potuit
297 1022 372 1068 ita,
419 1029 460 1060 ut
499 1030 653 1072 praetor
693 1022 840 1060 iudices
881 1030 947 1060 aut
987 1022 1096 1060 initio
1137 1021 1227 1060 anni
1268 1022 1326 1058 sui
1366 1033 1386 1058 e
1427 1028 1623 1058 conventu

133 1092 298 1129 selectos
328 1090 368 1128 in
398 1092 490 1129 albo
520 1092 769 1137 inscriberet,
810 1104 856 1129 ex
888 1102 966 1140 quo
998 1097 1324 1140 proponerentur,
1357 1096 1423 1126 aut
1453 1088 1624 1137 quoties-

133 1170 303 1208 cumque
323 1171 481 1197 necesse
503 1167 613 1204 esset,
643 1173 690 1197 ex
711 1158 904 1208 equitibus
926 1159 1117 1196 Romanis
1138 1165 1176 1195 et
1197 1156 1436 1195 divitissimis
1459 1155 1622 1203 civibus,

136 1238 302 1276 quorum
343 1227 381 1264 in
414 1227 542 1265 Sicilia
572 1227 726 1277 plurimi
767 1234 877 1265 erant
916 1226 1176 1277 negotiatores
1216 1227 1377 1263 fortasse
1414 1223 1625 1274 praecipuo

132 1294 214 1332 iure
244 1294 420 1343 praediti,
452 1295 492 1332 in
522 1294 605 1332 aliis
635 1294 846 1344 provinciis
868 1296 972 1333 velut
1002 1294 1042 1332 in
1064 1295 1191 1333 Gallia
1212 1301 1249 1331 et
1271 1294 1365 1331 Asia
1385 1289 1623 1342 publicani3)

133 1368 171 1400 et
200 1361 482 1411 negotiatores,
523 1363 574 1400 ad
613 1363 853 1402 reiciendum
895 1363 1036 1401 ederet.
1104 1362 1206 1400 Illud
1243 1362 1413 1411 denique
1453 1373 1626 1399 comme-

133 1429 370 1468 morandum
410 1437 466 1468 est
505 1431 637 1469 album
676 1431 852 1469 iudicum
894 1437 931 1468 et
975 1431 1110 1468 album
1156 1442 1293 1468 eorum
1339 1442 1385 1467 ex
1431 1435 1626 1467 conventu

134 1498 324 1546 virorum,
366 1499 507 1548 quibus
548 1499 586 1537 in
627 1499 791 1538 consilio
837 1499 1022 1549 praetoris
1069 1499 1206 1537 sedere
1251 1498 1411 1544 licebat,
1457 1498 1626 1536 eundem

133 1566 307 1605 libellum
338 1565 512 1616 fuisse4).
572 1569 677 1606 Nam
714 1581 761 1606 eo
799 1569 889 1606 loco
920 1567 1171 1606 Verrinarum
1184 1565 1240 1617 ⁵),
1283 1579 1362 1616 quo
1401 1567 1450 1604 de
1490 1565 1627 1615 capitis

135 1633 202 1672 lite
234 1635 390 1685 Sopatri
421 1635 625 1673 cuiusdam
656 1637 800 1686 agitur,
833 1637 930 1674 haec
959 1635 1140 1686 legimus:
1191 1633 1259 1673 »in
1292 1631 1461 1674 consilio
1494 1640 1626 1671 tamen

249 1758 277 1799 1)
304 1756 374 1791 Cic.
401 1756 438 1790 in
461 1756 562 1790 Verr.
587 1756 679 1790 1.ΙΠ
706 1759 757 1791 11.
783 1759 844 1791 28:
876 1756 997 1790 »Nam
1025 1756 1070 1789 de
1094 1761 1269 1790 conventu
1295 1756 1437 1790 nullum
1464 1767 1627 1800 unquam

136 1813 292 1848 iudicem
317 1825 380 1847 nec
403 1819 693 1858 recuperatorem
720 1813 842 1848 dedit.-
865 1815 1012 1858 z'm'quos
1030 1814 1244 1847 decumanis
1263 1813 1386 1846 aiebat
1404 1824 1526 1846 omnes
1543 1823 1628 1850 esse,

139 1871 202 1915 qui
227 1870 343 1903 ullam
368 1871 454 1914 ayri
477 1870 618 1914 glebam
639 1870 902 1915 possiderent«

248 1927 277 1968 2)
304 1926 357 1960 De
383 1926 555 1961 similibus
580 1927 617 1960 in
643 1927 732 1961 Asia
755 1927 940 1970 provincia
964 1927 1071 1961 rebus
1097 1927 1176 1961 vide
1203 1937 1228 1961 s.
1257 1937 1284 1960 e.
1311 1926 1354 1960 de
1373 1926 1515 1969 Asclep.
1534 1925 1627 1960 Claz.

136 1984 322 2026 sociisque.
370 1983 429 2016 lin.
460 1986 510 2018 19.
561 1982 689 2017 Tribus
715 1983 907 2017 nauarchis
932 1983 982 2017 ibi
1007 1983 1219 2027 permissum
1246 1988 1318 2026 est,
1351 1988 1391 2017 ut
1415 1983 1628 2025 ubicumque

136 2040 276 2084 vellent,
302 2040 351 2074 ibi
377 2039 508 2074 iudicio
535 2044 671 2073 certare
697 2039 831 2083 liceret,
858 2040 930 2074 sive
956 2040 992 2073 in
1019 2040 1137 2083 patria
1163 2040 1236 2074 suis
1262 2040 1410 2083 legibus,
1438 2040 1510 2074 sive
1535 2040 1629 2084 apud

137 2097 367 2140 magistratus
392 2096 562 2130 Romanis
588 2096 659 2130 sive
686 2096 780 2140 apud
806 2096 951 2130 Italicos
976 2096 1130 2140 iudices,
1163 2095 1236 2130 sive
1268 2096 1305 2130 in
1330 2096 1473 2130 civitate
1505 2097 1628 2131 libera.

137 2153 292 2197 (Kaibel‚
318 2153 422 2187 inser.
451 2163 500 2196 gr.
529 2153 596 2188 Sic.
622 2158 657 2187 et
679 2153 757 2188 Ital.
783 2164 815 2186 n.
835 2155 897 2188 951
925 2153 1034 2187 habet
1060 2154 1080 2198 ἢ
1107 2153 1163 2186 ἐπὶ
1189 2156 1259 2186 τῶν
1285 2154 1474 2198 ἡμετέρων
1502 2154 1629 2198 ἀρχό-ν·

137 2222 219 2255 των,
247 2212 267 2256 ἢ
294 2210 350 2242 ἐπὶ
373 2208 546 2244 Ἰταλικῶν
574 2214 721 2254 κριτῶν,
749 2221 769 2244 a
799 2210 1018 2244 Mommseno
1046 2209 1136 2253 (CIL
1160 2210 1176 2243 Ι
1200 2213 1267 2245 203
1292 2216 1327 2244 et
1350 2210 1478 2254 Bruns,
1503 2210 1629 2244 Font.5

138 2279 171 2311 p.
201 2270 276 2309 160)
309 2267 439 2310 legitur
473 2268 494 2312 ἢ
527 2267 581 2300 ἐπὶ
617 2270 692 2300 τῶν
730 2268 917 2312 ἡμετέρων
953 2268 1140 2311 ἀρχόντων
1175 2267 1230 2299 ἐπὶ
1266 2265 1438 2300 Ἰταλικῶν
1470 2268 1631 2309 κριτῶν.)

136 2325 203 2358 Illa
227 2325 341 2359 altera
366 2324 528 2368 facultas,
554 2335 645 2368 quae
671 2324 715 2358 iis
740 2324 824 2358 data
850 2329 913 2367 est,
941 2324 1100 2358 certandi
1127 2324 1221 2367 apud
1248 2324 1478 2367 magistratus
1502 2323 1628 2356 Roma-

140 2391 204 2416 nos
230 2386 293 2415 aut
317 2380 412 2425 apud
437 2381 581 2416 Italicos
606 2381 742 2416 iudices
768 2386 822 2416 est
847 2391 899 2425 ea,
925 2391 994 2424 qua
1013 2381 1164 2415 Romani
1189 2382 1225 2415 in
1244 2381 1332 2415 Asia
1348 2380 1531 2423 provincia
1549 2389 1629 2413 con-

138 2437 305 2473 sistentes
330 2438 532 2472 utebantur.

252 2495 281 2536 3)
305 2493 397 2528 Nam
423 2494 632 2538 publicanos
658 2494 781 2529 eodem
804 2495 906 2529 modo
932 2494 1124 2537 eademque
1145 2505 1187 2527 ex
1206 2503 1315 2527 causa
1332 2503 1372 2527 ac
1390 2492 1630 2535 negotiatores

140 2551 278 2585 iudices
303 2551 476 2595 imprimis
501 2551 610 2585 fuisse
637 2561 811 2594 apparere
836 2551 923 2584 mihi
949 2551 1088 2585 videtur
1119 2561 1162 2584 ex
1188 2560 1235 2583 or.
1263 2560 1325 2593 pro
1350 2549 1479 2583 Flacco
1503 2549 1549 2582 lv
1580 2552 1629 2583 11.

251 2609 281 2648 4)
307 2607 348 2641 cf.
374 2607 536 2642 Momms.
563 2608 612 2642 St.
639 2608 680 2642 R.
707 2608 722 2641 1
748 2619 780 2651 p.
798 2610 864 2644 317
891 2613 926 2643 et
951 2618 1060 2652 supra
1084 2619 1117 2651 p.
1136 2608 1224 2642 7412
1249 2606 1327 2640 adn.
1351 2609 1376 2640 1.

253 2665 281 2702 5)
306 2663 377 2698 Cic.
403 2664 439 2698 in
464 2665 564 2699 Verr.
591 2665 610 2698 l.
636 2665 668 2698 11
693 2668 747 2700 28.
774 2668 827 2700 68.
