1928 2884
241 231 398 270 cietates
429 229 578 279 primas
609 229 756 265 factum
787 233 866 273 est,
909 232 951 264 ut
981 225 1044 264 dei
1074 225 1266 276 peregrini
1304 233 1344 264 et
1381 226 1590 265 advecticii
1632 227 1738 277 apud

240 303 445 339 Romanos
487 298 592 348 ipsos
635 295 760 345 magis
799 295 1003 345 magisque
1042 294 1083 332 in
1123 295 1270 333 cultum
1312 294 1476 333 deorum
1523 295 1737 345 patriorum

238 370 460 418 irreperent.
508 364 770 414 Temporibus
799 371 932 402 autem
962 362 1203 412 principatus
1225 363 1276 401 ab
1297 362 1356 401 his
1377 362 1626 413 potissimum
1649 363 1738 402 civi-

238 439 311 476 bus
332 435 521 474 Romanis
554 433 634 472 divi
665 431 919 481 imperatores
943 432 1188 478 colebantur,
1223 438 1265 468 ut
1285 438 1366 470 erat
1390 430 1563 469 officium
1587 444 1736 479 eorum,

238 504 305 554 qui
335 503 527 553 optimum
560 501 617 539 ius
648 501 688 538 in
718 499 883 549 imperio
914 499 1184 549 possidebant.
1247 499 1428 547 Accedit,
1459 500 1569 549 quod
1599 500 1738 539 edictis

241 572 460 623 principum
485 569 575 620 ipsis
598 569 717 607 iidem
741 570 889 607 cultum
913 568 1192 618 imperatorum
1216 581 1368 607 servare
1388 568 1481 607 iussi
1503 576 1603 618 sunt,
1636 570 1740 607 velut

232 640 342 690 -apud
360 639 538 678 Cassium
557 638 724 676 Dionem
736 635 765 688 ¹)
783 637 947 688 legimus
965 640 1187 688 Augustum
1205 639 1351 687 templa
1367 638 1462 687 duo,
1481 649 1582 687 quae
1594 637 1739 687 Ephesi

193 732 197 733 ν
236 716 353 757 atque
384 707 554 746 Nicaeae
584 707 623 744 in
654 705 839 756 Bithynia
871 706 969 744 deae
1000 708 1152 744 Romae
1183 713 1221 744 et
1258 705 1350 744 divo
1381 706 1480 745 Iulio
1511 720 1545 744 a.
1579 705 1738 756 735s29

237 775 443 821 dedicavit,
477 774 651 813 curanda
682 775 905 824 tuendaque
936 774 1086 813 civibus
1107 775 1300 813 Romanis
1331 775 1371 813 in
1403 772 1551 814 eisdem
1574 774 1736 814 urbibus

236 843 503 882 habitantibus
527 843 737 881 mandasse
748 839 794 892 ²).
847 843 949 881 Cum
980 842 1041 881 his
1072 850 1202 881 autem
1225 843 1409 882 convenit
1430 843 1561 881 multis
1593 843 1737 882 civium

236 914 509 950 Romanorum
539 910 657 949 titulis
689 911 989 961 imperatoribus
1020 919 1086 950 aut
1117 911 1218 950 divis
1239 912 1407 951 honores
1439 911 1567 960 tribui,
1599 920 1641 950 ut
1670 911 1737 950 illo

236 981 347 1019 titulo
360 978 412 1029 3),
455 992 536 1029 quo
575 981 679 1018 cives
710 980 902 1027 Romani,
944 980 1010 1030 qui
1049 980 1181 1028 Cyzici
1214 979 1492 1028 consistebant,
1531 992 1608 1018 una
1648 992 1738 1019 cum

237 1048 441 1099 Cyzicenis
480 1048 572 1087 divo
604 1051 807 1100 Augusto,
851 1049 1010 1088 Tiberio
1052 1049 1299 1099 Claudioque
1340 1049 1455 1087 huius
1496 1049 1739 1099 temporibus

235 1124 323 1167 post
354 1117 560 1155 victoriam
592 1118 631 1155 in
653 1117 853 1155 Britannia
874 1125 1111 1167 reportatam
1134 1130 1270 1156 arcum
1283 1115 1315 1165 4)
1349 1125 1574 1167 posuerunt.
1625 1119 1740 1167 Quae

236 1187 341 1232 urbs,
374 1186 467 1236 quia
498 1188 570 1224 sub
602 1185 766 1236 imperio
789 1186 947 1236 Tiberii,
980 1194 1192 1236 postquam
1225 1186 1386 1224 crimine
1414 1185 1584 1237 neglecti
1615 1187 1739 1224 cultus

241 1255 523 1305 imperatorum
554 1254 730 1293 incusata
761 1262 835 1300 est,
872 1255 1088 1293 libertatem
1119 1252 1361 1302 amiserat5),
1400 1261 1482 1292 tum
1514 1254 1656 1294 auxilio
1688 1255 1741 1293 ci-

237 1324 342 1362 vium
376 1325 649 1362 Romanorum
681 1336 838 1362 causam
871 1336 983 1361 suam
1015 1323 1205 1373 corrigere
1236 1323 1275 1361 in
1306 1323 1439 1362 animo
1471 1323 1654 1362 habuisse
1684 1323 1741 1362 vi-

237 1393 361 1433 detur.
411 1392 528 1431 Cives
550 1400 679 1430 autem
701 1392 874 1431 Romani
897 1392 1043 1442 Ephesi
1065 1391 1323 1430 consistentes
1342 1391 1551 1430 Claudium
1573 1389 1737 1442 titulo⁶),

239 1460 341 1499 cives
372 1461 545 1499 Romani
577 1461 756 1512 Pergami
787 1463 1034 1512 Augustum,
1066 1460 1133 1510 qui
1164 1468 1328 1499 vocatur
1372 1460 1468 1513 »τῆς
1500 1458 1634 1514 πάσης
1664 1461 1741 1514 γῆς

238 1527 302 1567 καὶ
354 1525 566 1583 θαλάσσης
611 1527 813 1583 enom-773«
866 1530 1001 1577 titulo,
1056 1530 1219 1568 fortasse
1269 1530 1342 1567 sub
1389 1536 1514 1568 statua
1568 1529 1740 1580 equestri

239 1595 429 1647 posito⁷)‚
476 1599 683 1638 honorant.
747 1598 1004 1648 Gortynensis
1046 1610 1138 1636 vero
1179 1596 1333 1645 titulus,
1380 1598 1413 1636 is
1458 1609 1577 1648 quem
1623 1610 1740 1648 supra

356 1710 381 1753 ¹)
406 1709 474 1743 Dio
503 1709 647 1743 Cassius
671 1711 725 1744 51.
750 1711 804 1743 20.

351 1766 380 1809 2)
405 1766 486 1810 Ipse
513 1766 657 1809 quidem
682 1765 801 1800 divino
828 1765 962 1800 honore
989 1765 1033 1799 ab
1051 1765 1122 1800 illis
1140 1765 1312 1800 Romanis
1338 1765 1406 1800 coli
1432 1765 1558 1811 noluit,
1584 1766 1676 1801 sicut
1701 1766 1739 1800 in

238 1823 345 1858 Italia
369 1833 511 1866 quoque
536 1823 638 1858 initio
664 1823 806 1867 imperii
832 1823 908 1857 eius
934 1822 970 1857 id
996 1823 1144 1858 vetitum
1174 1828 1244 1868 est,
1277 1834 1320 1858 ne
1352 1823 1486 1858 liberae
1519 1822 1738 1867 reipublicae

240 1881 371 1915 amicos
398 1880 595 1915 offenderet
624 1880 680 1924 (cf.
708 1880 881 1925 Guiraud,
908 1880 960 1914 les
987 1880 1202 1915 assemblees
1228 1881 1465 1925 provinciales
1491 1892 1524 1925 p.
1542 1883 1586 1916 23
1612 1885 1648 1915 et
1670 1882 1738 1924 30).

239 1939 316 1973 Hoc
342 1938 426 1973 solis
452 1938 716 1982 provinciarum
748 1938 874 1972 incolis
907 1938 1103 1982 primisque
1132 1938 1279 1974 Graecis
1306 1938 1478 1974 Asiaticis
1509 1937 1740 1982 permittebat

239 1998 424 2039 Augustus
450 1996 542 2040 (vide
568 1996 672 2030 Dion.
700 1996 797 2030 Cass.
822 1996 844 2030 l.
863 1996 897 2040 l.)
949 1996 1019 2030 Sed
1045 2006 1151 2040 quam
1175 1997 1273 2031 brevi
1298 2002 1457 2041 tempore
1483 1995 1635 2031 Romani
1661 2005 1740 2029 cum

239 2054 520 2098 provincialibus
545 2054 652 2088 etiam
678 2065 729 2099 eo,
757 2054 818 2098 qui
843 2054 1033 2098 imperium
1058 2055 1251 2099 obtinebat,
1277 2054 1439 2098 principe
1458 2053 1639 2088 adorando
1658 2062 1739 2087 con-

240 2112 439 2146 certabant!
481 2113 575 2147 Ante
602 2112 738 2147 animos
769 2122 1009 2156 proponamus
1041 2111 1289 2147 iusiurandum
1313 2111 1499 2146 Assiorum
1531 2116 1638 2154 atque
1668 2110 1739 2145 Ro-

239 2179 423 2204 manorum
449 2170 497 2204 ibi
523 2170 812 2214 consistentium,
847 2169 940 2214 quod
967 2170 1088 2204 statim
1113 2169 1347 2204 tractabimus
1379 2169 1436 2212 (cf.
1464 2168 1643 2213 Guiraud,
1668 2168 1690 2202 l.
1717 2167 1739 2202 l.
1760 2205 1762 2207 ,

240 2236 273 2270 p.
294 2229 358 2261 116
384 2226 463 2260 adn.
482 2230 528 2271 2).

350 2284 376 2328 3)
403 2283 478 2318 CIL
503 2284 555 2318 ΠΙ
581 2284 704 2328 Suppl.
730 2285 817 2320 7061
847 2285 940 2329 (app.
966 2296 999 2319 n.
1017 2286 1084 2330 53).

352 2341 381 2384 4)
407 2341 554 2386 ar[cum]
581 2346 677 2376 recte
704 2342 849 2386 supplet
872 2341 1082 2387 Mommsen,
1108 2342 1233 2388 ar[am]
1259 2341 1396 2377 Perrot.

353 2399 381 2442 ⁵)
407 2398 549 2433 Sueten.
577 2410 606 2433 v.
633 2399 711 2434 Tib.
736 2401 780 2435 37
789 2412 796 2444 ;
824 2399 907 2434 Tac.
926 2401 1019 2434 Ann.
1045 2393 1095 2434 IV
1111 2402 1174 2444 363
1201 2399 1269 2434 Dio
1293 2399 1390 2434 Cass.
1409 2399 1462 2434 57.
1480 2401 1534 2434 24.
1561 2397 1604 2433 cf.
1631 2397 1739 2433 etiam

239 2454 323 2490 ibid.
350 2459 403 2491 54.
429 2457 459 2491 7.

354 2514 384 2555 6)
407 2513 458 2547 Le
475 2513 547 2548 Bas
557 2514 827 2559 -Waddington,
853 2514 959 2549 inscr.
986 2514 1107 2549 d’Asie
1125 2513 1213 2548 Min.
1232 2513 1284 2547 III
1309 2524 1342 2547 n.
1363 2515 1427 2548 143
1453 2527 1495 2542 =
1521 2511 1628 2547 CIGr.
1648 2514 1736 2548 2961

241 2571 337 2613 (app.
364 2581 397 2604 n.
415 2571 482 2613 68).

354 2627 381 2671 ⁷)
404 2627 530 2662 Jahrb.
558 2628 620 2663 der
644 2640 782 2673 preuss.
808 2628 1174 2672 Kunstsammlungen
1190 2627 1242 2662 ΠΙ
1266 2638 1299 2672 p.
1318 2630 1363 2663 86
1389 2629 1483 2673 (app.
1509 2638 1543 2662 n.
1561 2629 1628 2671 64).
