1907 2905
780 144 1053 183 ,85-

289 270 350 306 Ex
380 269 449 313 his,
484 280 583 317 quae
603 266 812 311 attulimus,
846 268 970 305 elucet
1001 269 1053 313 id,
1087 269 1194 317 quod
1217 271 1441 308 Mommsen
1463 270 1662 317 iudicavit,

177 323 423 374 societatibus
445 335 586 373 civium
612 338 882 373 Romanorum
904 336 954 373 ad
978 343 1103 374 castra
1126 336 1262 386 partim
1286 345 1494 385 curatores,
1524 340 1662 388 partim

178 403 378 454 magistros
395 405 616 453 praefuisse,
640 416 660 441 e
682 403 821 453 quibus
837 403 888 441 illi
906 405 1016 453 quasi
1033 404 1212 453 praefecti
1236 404 1417 443 militares
1439 406 1511 443 hos
1533 406 1662 444 civiles

176 471 465 519 antecesserint,
497 485 579 510 esse
601 472 854 510 reiciendum.
907 473 1009 509 Nam
1033 485 1071 510 re
1102 485 1192 509 vera
1222 473 1320 511 haec
1352 472 1403 510 ita
1435 486 1474 512 se
1505 475 1661 520 habent,

177 547 218 577 ut
247 539 322 578 iam
353 541 475 578 Morel
506 548 543 578 et
574 541 699 590 Bergk
731 539 1056 590 significaverunt,
1089 548 1130 578 ut
1159 540 1402 590 Mogontiaci
1435 542 1567 591 ibique
1598 555 1664 591 per

176 607 245 645 tria
267 608 419 645 saecula
450 614 645 645 curatores
678 607 886 657 praepositi
908 607 1058 655 fuerint,
1091 609 1129 645 in
1163 607 1298 646 ceteris
1330 609 1511 647 omnibus
1543 609 1664 647 socie-

175 674 339 723 tatibus,
371 687 468 725 quas
499 674 658 725 quidem
690 675 842 725 penitus
874 675 1197 726 cognoverimus,
1230 675 1413 726 magistri.
1483 679 1664 715 Fortasse

175 742 286 781 huius
324 743 377 781 rei
417 755 533 781 causa
573 751 653 781 erat
698 745 806 781 haec.
884 743 1143 794 Mogontiaci,
1191 756 1279 782 curn
1321 745 1492 783 Romani
1539 752 1664 783 castra

176 811 314 850 stativa
344 812 645 857 collocaverunt,
681 812 754 849 iam
789 812 897 849 vicus
937 811 1206 862 indigenarum
1244 815 1437 860 exstabat,
1476 827 1498 850 a
1529 814 1661 860 Celtis,

176 887 217 917 ut
246 891 392 918 nomen
420 879 495 918 loci
527 880 655 917 testari
686 880 857 926 videtur,
901 882 993 919 olim
1032 881 1236 927 conditus,
1278 888 1359 919 turn
1399 895 1422 919 a
1453 882 1664 932 Vangioni-

176 949 266 994 bus,
297 956 411 998 gente
440 947 680 998 germanica,
715 947 993 998 occupatu51),
1035 948 1135 987 sicut
1164 950 1268 988 idem
1301 958 1403 988 certe
1435 957 1585 988 constat
1615 951 1664 988 de

175 1017 349 1067 plurimis
381 1017 513 1056 castris
544 1014 748 1061 stativis2).
811 1018 885 1055 Sed
918 1019 1031 1056 valde
1063 1020 1271 1057 obscurum
1305 1019 1434 1057 adhuc
1464 1026 1532 1067 est,
1565 1030 1664 1067 quae

176 1086 272 1124 ratio
304 1086 559 1124 intercesserit
589 1087 687 1124 inter
719 1087 823 1125 cives
847 1089 1051 1125 Romanos
1072 1088 1122 1124 ad
1153 1087 1321 1137 legiones
1344 1087 1535 1124 eiusmodi
1568 1085 1663 1124 locis

175 1153 427 1191 consistentes
457 1162 493 1192 et
524 1154 794 1204 indigenarum
829 1154 947 1198 vicos,
981 1162 1107 1192 utrum
1141 1155 1246 1193 cives
1268 1154 1439 1192 Romani
1461 1167 1583 1204 prope
1613 1167 1663 1192 an

175 1222 274 1260 intra
303 1223 374 1260 hos
407 1221 606 1260 domicilia
637 1224 696 1260 vel
742 1224 912 1261 canabas
952 1223 1251 1269 collocaverint,
1291 1230 1417 1260 utrum
1459 1222 1532 1260 sibi
1573 1222 1664 1261 solis

176 1289 418 1339 magistratus
449 1291 660 1328 creaverint
690 1304 739 1328 an
780 1291 1048 1341 indigenarum
1080 1291 1209 1329 vicum
1251 1290 1361 1329 simul
1403 1290 1472 1340 ipsi
1505 1302 1664 1340 quoque

175 1357 538 1397 administraverint.
612 1360 695 1398 Nisi
738 1360 870 1398 omnia
906 1361 1062 1405 fallunt,
1111 1359 1260 1410 opinari
1301 1358 1413 1397 nobis
1453 1358 1585 1397 licebit
1620 1358 1664 1397 iis

175 1428 284 1477 locis,
317 1428 381 1466 ubi
405 1428 606 1477 magistros
640 1429 738 1466 duos
760 1429 982 1478 reperimus,
1014 1441 1093 1465 rem
1117 1429 1258 1466 eodem
1281 1428 1401 1465 modo
1424 1440 1463 1465 se
1484 1426 1665 1465 habuisse

175 1503 291 1545 atque
315 1496 352 1534 in
384 1496 748 1547 congregationibus
777 1496 813 1534 in
836 1496 1079 1535 interioribus
1110 1496 1282 1546 partibus
1314 1494 1463 1545 imperii
1475 1493 1526 1544 3):
1559 1494 1662 1533 cives

176 1566 378 1603 Romanos
417 1578 509 1603 mox
547 1573 613 1603 aut
651 1577 814 1603 numero
852 1572 917 1603 aut
958 1565 1185 1602 auctoritate
1232 1571 1386 1613 propter
1426 1563 1560 1601 melius
1605 1564 1662 1601 ius

175 1632 351 1672 homines
382 1633 601 1684 peregrinos
633 1646 848 1683 superasse,
890 1633 995 1682 ipsos
1026 1632 1397 1670 administrationem
1441 1631 1556 1669 totius
1588 1630 1663 1669 vici

175 1713 391 1750 occupasse
432 1713 556 1750 eoque
587 1702 708 1740 modo
751 1701 860 1739 vicos
903 1703 960 1739 vel
1000 1701 1110 1750 quasi
1151 1700 1299 1749 oppida
1340 1699 1481 1738 civium
1516 1701 1661 1737 Rorna-

174 1781 312 1806 norum
345 1770 416 1806 sub
447 1770 600 1808 duobus
623 1769 813 1820 magistris
844 1783 926 1808 esse
958 1778 1053 1808 orta.
1106 1768 1346 1819 Mogontiaci
1377 1775 1506 1806 autern
1535 1766 1661 1804 vicani

174 1835 380 1886 indigenae
422 1850 633 1887 permagno
674 1851 835 1876 numero
874 1838 988 1876 fuisse
1028 1837 1229 1883 videntur,
1277 1836 1342 1885 qui
1382 1849 1532 1886 semper
1572 1848 1661 1874 suos

175 1904 420 1954 magistratus
450 1905 705 1955 retinuerunt,
738 1914 777 1944 ut
809 1905 1059 1956 congregatio
1099 1905 1240 1943 civium
1274 1907 1543 1942 Romanorum
1575 1906 1661 1942 Mo-

173 1973 357 2022 gontiaci,
390 1973 487 2012 sicut
518 1974 556 2011 in
588 1974 746 2012 urbibus
770 1974 948 2018 Orientis,
983 1974 1080 2011 intra
1110 1973 1399 2023 peregrinorum
1427 1972 1556 2010 vicum
1588 1973 1660 2010 sub

175 2053 247 2079 suo
278 2049 454 2079 curatore
485 2039 637 2091 esset4).
701 2044 812 2091 Quae
844 2043 1149 2091 comprobantur
1179 2054 1224 2079 ea
1254 2054 1309 2086 re,
1342 2041 1450 2090 quod
1481 2040 1518 2078 in
1550 2040 1661 2079 titulo

174 2110 337 2148 fortasse
373 2109 515 2147 saeculi
554 2111 713 2148 secundi
747 2123 782 2159 p.
808 2111 898 2149 Chr.
943 2107 1103 2147 »vicani
1130 2105 1509 2160 Moyomiacenses«
1554 2121 1660 2146 com-

291 2313 316 2352 1)
343 2311 384 2344 cf.
409 2311 442 2345 J.
462 2311 599 2345 Becker
624 2311 645 2344 l.
673 2311 691 2344 l.
721 2323 750 2355 p.
774 2315 786 2345 1
809 2322 877 2355 sq.;
904 2311 1023 2355 Bergk
1050 2323 1082 2355 p.
1101 2315 1177 2347 501.

291 2368 318 2411 2)
343 2368 385 2402 de
412 2369 590 2402 Carnunto
617 2368 693 2402 vide
720 2369 808 2404 Vell.
836 2369 866 2402 ΙΙ
897 2371 976 2412 109;
1002 2368 1090 2402 Plin.
1109 2369 1152 2402 H.
1170 2368 1213 2402 N.
1239 2370 1291 2402 37.
1318 2371 1348 2401 3.
1374 2370 1417 2400 45
1443 2366 1484 2400 cf.
1509 2364 1583 2398 CIL
1608 2365 1656 2398 111

176 2436 207 2468 p.
225 2427 310 2467 5503
343 2425 650 2469 Archaol.-epigr.
676 2425 769 2459 Mitt.
796 2425 824 2458 X
860 2436 891 2469 p.
914 2429 970 2467 143
1012 2425 1103 2459 infra
1128 2436 1160 2469 p.
1179 2428 1222 2458 94
1253 2424 1331 2457 adn.
1351 2426 1379 2457 6.
1430 2423 1471 2455 (le
1499 2421 1655 2455 Troesmi

176 2480 253 2515 vide
280 2481 368 2515 Ovid
394 2481 493 2515 Pont.
516 2482 562 2515 IV
587 2486 617 2517 9.
645 2485 688 2517 79
714 2483 755 2516 cf.
775 2482 849 2516 CIL
874 2483 923 2516 111
951 2493 982 2526 p.
1006 2485 1067 2517 145
1094 2487 1128 2516 et
1152 2484 1227 2516 999.
1278 2479 1492 2520 Brigetionis
1518 2477 1656 2511 nomine

176 2538 267 2573 idem
294 2537 563 2572 demonstratur.

287 2595 315 2636 3)
341 2594 418 2628 vide
444 2605 552 2638 supra
577 2606 608 2638 p.
628 2599 673 2629 30
690 2606 740 2639 sq.

288 2655 316 2694 ⁴)
343 2653 384 2686 ef.
413 2653 527 2695 Bergk
556 2653 576 2687 Ι.
604 2654 622 2687 Ι.
652 2665 682 2696 p.
702 2658 778 2688 513.
