<?xml version="1.0" encoding="UTF-8"?>
<!DOCTYPE html PUBLIC "-//W3C//DTD XHTML 1.0 Transitional//EN"
    "http://www.w3.org/TR/xhtml1/DTD/xhtml1-transitional.dtd">
<html xmlns="http://www.w3.org/1999/xhtml" xml:lang="en" lang="en">
 <head>
  <title>
</title>
<meta http-equiv="Content-Type" content="text/html;charset=utf-8" />
  <meta name='ocr-system' content='tesseract 3.04.00' />
  <meta name='ocr-capabilities' content='ocr_page ocr_carea ocr_par ocr_line ocrx_word'/>
</head>
<body>
  <div class='ocr_page' id='page_1' title='image "./decivibusromanis00korn_0075.png"; bbox 0 0 1907 2905; ppageno 0'>
   <div class='ocr_carea' id='block_1_1' title="bbox 800 180 1077 220">
    <p class='ocr_par' dir='ltr' id='par_1_1' title="bbox 800 180 1077 220">
     <span class='ocr_line' id='line_1_1' title="bbox 800 180 1077 220; baseline 0.004 -13"><span class='ocrx_word' id='word_1_1' title='bbox 800 180 1077 220; x_wconf 67' lang='grc'>..67-</span> 
     </span>
    </p>
   </div>
   <div class='ocr_carea' id='block_1_2' title="bbox 192 301 1685 759">
    <p class='ocr_par' dir='ltr' id='par_1_2' title="bbox 192 301 1682 493">
     <span class='ocr_line' id='line_1_2' title="bbox 192 301 1681 356; baseline 0.005 -16"><span class='ocrx_word' id='word_1_2' title='bbox 192 301 454 350; x_wconf 84' lang='lat' dir='ltr'>Panamari&#39;).</span> <span class='ocrx_word' id='word_1_3' title='bbox 506 304 551 339; x_wconf 91' lang='lat' dir='ltr'>In</span> <span class='ocrx_word' id='word_1_4' title='bbox 582 301 828 341; x_wconf 89' lang='lat' dir='ltr'>interioribus</span> <span class='ocrx_word' id='word_1_5' title='bbox 859 311 988 342; x_wconf 86' lang='lat' dir='ltr'>autem</span> <span class='ocrx_word' id='word_1_6' title='bbox 1021 305 1196 354; x_wconf 85' lang='lat' dir='ltr'>partibus</span> <span class='ocrx_word' id='word_1_7' title='bbox 1227 306 1449 356; x_wconf 88' lang='lat' dir='ltr'>provinciae</span> <span class='ocrx_word' id='word_1_8' title='bbox 1477 308 1681 348; x_wconf 84' lang='lat' dir='ltr'>societates</span> 
     </span>
     <span class='ocr_line' id='line_1_3' title="bbox 192 366 1682 427; baseline 0.005 -20"><span class='ocrx_word' id='word_1_9' title='bbox 192 376 308 408; x_wconf 85' lang='lat' dir='ltr'>notae</span> <span class='ocrx_word' id='word_1_10' title='bbox 338 376 444 407; x_wconf 80' lang='lat' dir='ltr'>sunt:</span> <span class='ocrx_word' id='word_1_11' title='bbox 489 366 715 419; x_wconf 69' lang='lat' dir='ltr'>Cibyrae2)‚</span> <span class='ocrx_word' id='word_1_12' title='bbox 756 368 1017 419; x_wconf 68' lang='lat' dir='ltr'>Apameae-⁹²),</span> <span class='ocrx_word' id='word_1_13' title='bbox 1059 372 1330 422; x_wconf 78' lang='lat' dir='ltr'>Thyatirae4),</span> <span class='ocrx_word' id='word_1_14' title='bbox 1373 375 1682 427; x_wconf 84' lang='lat' dir='ltr'>Traianopoli5),</span> 
     </span>
     <span class='ocr_line' id='line_1_4' title="bbox 193 434 1681 493; baseline 0.004 -18"><span class='ocrx_word' id='word_1_15' title='bbox 193 434 472 487; x_wconf 65' lang='lat' dir='ltr'>Prymnessiss),</span> <span class='ocrx_word' id='word_1_16' title='bbox 506 434 549 474; x_wconf 77' lang='grc' dir='ltr'>ἐν</span> <span class='ocrx_word' id='word_1_17' title='bbox 574 435 729 486; x_wconf 58' lang='grc' dir='ltr'>Νάειῦ)</span> <span class='ocrx_word' id='word_1_18' title='bbox 740 435 785 487; x_wconf 78' lang='lat'>⁷),</span> <span class='ocrx_word' id='word_1_19' title='bbox 817 438 855 476; x_wconf 92' lang='lat' dir='ltr'>in</span> <span class='ocrx_word' id='word_1_20' title='bbox 878 440 967 477; x_wconf 93' lang='lat' dir='ltr'>loco</span> <span class='ocrx_word' id='word_1_21' title='bbox 990 439 1065 477; x_wconf 86' lang='lat' dir='ltr'>vici</span> <span class='ocrx_word' id='word_1_22' title='bbox 1085 440 1203 479; x_wconf 92' lang='lat' dir='ltr'>hodie</span> <span class='ocrx_word' id='word_1_23' title='bbox 1225 442 1419 480; x_wconf 89' lang='lat' dir='ltr'>Usuftcha</span> <span class='ocrx_word' id='word_1_24' title='bbox 1439 441 1681 493; x_wconf 66' lang='lat' dir='ltr'>nominatiss).</span> 
     </span>
    </p>

    <p class='ocr_par' dir='ltr' id='par_1_3' title="bbox 192 505 1685 759">
     <span class='ocr_line' id='line_1_5' title="bbox 308 505 1684 559; baseline 0.004 -15"><span class='ocrx_word' id='word_1_25' title='bbox 308 506 385 544; x_wconf 87' lang='lat' dir='ltr'>Sed</span> <span class='ocrx_word' id='word_1_26' title='bbox 424 506 659 554; x_wconf 84' lang='lat' dir='ltr'>simulatque</span> <span class='ocrx_word' id='word_1_27' title='bbox 703 505 854 554; x_wconf 87' lang='lat' dir='ltr'>imperii</span> <span class='ocrx_word' id='word_1_28' title='bbox 893 507 988 544; x_wconf 90' lang='lat' dir='ltr'>fines</span> <span class='ocrx_word' id='word_1_29' title='bbox 1027 519 1095 556; x_wconf 93' lang='lat' dir='ltr'>per</span> <span class='ocrx_word' id='word_1_30' title='bbox 1135 508 1270 546; x_wconf 85' lang='lat' dir='ltr'>Asiam</span> <span class='ocrx_word' id='word_1_31' title='bbox 1316 509 1508 547; x_wconf 87' lang='lat' dir='ltr'>minorem</span> <span class='ocrx_word' id='word_1_32' title='bbox 1547 512 1684 559; x_wconf 88' lang='lat' dir='ltr'>prolati</span> 
     </span>
     <span class='ocr_line' id='line_1_6' title="bbox 193 574 1683 627; baseline 0.003 -15"><span class='ocrx_word' id='word_1_33' title='bbox 193 582 293 621; x_wconf 87' lang='lat' dir='ltr'>sunt,</span> <span class='ocrx_word' id='word_1_34' title='bbox 324 574 583 624; x_wconf 88' lang='lat' dir='ltr'>negotiatores</span> <span class='ocrx_word' id='word_1_35' title='bbox 616 575 810 623; x_wconf 82' lang='lat' dir='ltr'>ceterique</span> <span class='ocrx_word' id='word_1_36' title='bbox 840 582 1023 624; x_wconf 85' lang='lat' dir='ltr'>quaestus</span> <span class='ocrx_word' id='word_1_37' title='bbox 1054 576 1239 614; x_wconf 85' lang='lat' dir='ltr'>facientes</span> <span class='ocrx_word' id='word_1_38' title='bbox 1265 577 1435 614; x_wconf 89' lang='lat' dir='ltr'>Romani</span> <span class='ocrx_word' id='word_1_39' title='bbox 1468 578 1683 627; x_wconf 90' lang='lat' dir='ltr'>sequeban-</span> 
     </span>
     <span class='ocr_line' id='line_1_7' title="bbox 192 641 1685 695; baseline 0.001 -13"><span class='ocrx_word' id='word_1_40' title='bbox 192 650 266 682; x_wconf 85' lang='lat' dir='ltr'>tur.</span> <span class='ocrx_word' id='word_1_41' title='bbox 327 645 467 680; x_wconf 85' lang='lat' dir='ltr'>Aetate</span> <span class='ocrx_word' id='word_1_42' title='bbox 497 641 734 680; x_wconf 77' lang='lat' dir='ltr'>Mithridatis</span> <span class='ocrx_word' id='word_1_43' title='bbox 772 642 849 680; x_wconf 89' lang='lat' dir='ltr'>iam</span> <span class='ocrx_word' id='word_1_44' title='bbox 889 642 928 680; x_wconf 92' lang='lat' dir='ltr'>in</span> <span class='ocrx_word' id='word_1_45' title='bbox 959 642 1181 693; x_wconf 87' lang='lat' dir='ltr'>Bithynia</span> <span class='ocrx_word' id='word_1_46' title='bbox 1221 645 1270 682; x_wconf 86' lang='lat' dir='ltr'>ab</span> <span class='ocrx_word' id='word_1_47' title='bbox 1301 642 1526 695; x_wconf 62' lang='lat' dir='ltr'>Appianoss)</span> <span class='ocrx_word' id='word_1_48' title='bbox 1568 653 1685 695; x_wconf 85' lang='lat' dir='ltr'>atque</span> 
     </span>
     <span class='ocr_line' id='line_1_8' title="bbox 193 707 1683 759; baseline 0.003 -12"><span class='ocrx_word' id='word_1_49' title='bbox 193 711 231 748; x_wconf 90' lang='lat' dir='ltr'>in</span> <span class='ocrx_word' id='word_1_50' title='bbox 262 712 414 748; x_wconf 88' lang='lat' dir='ltr'>Ponto</span> <span class='ocrx_word' id='word_1_51' title='bbox 445 711 495 748; x_wconf 85' lang='lat' dir='ltr'>ab</span> <span class='ocrx_word' id='word_1_52' title='bbox 527 707 716 756; x_wconf 90' lang='lat' dir='ltr'>Hirtio¹⁰)</span> <span class='ocrx_word' id='word_1_53' title='bbox 749 718 1119 759; x_wconf 87' lang='lat' dir='ltr'>commemorantur,</span> <span class='ocrx_word' id='word_1_54' title='bbox 1157 723 1246 750; x_wconf 88' lang='lat' dir='ltr'>curn</span> <span class='ocrx_word' id='word_1_55' title='bbox 1279 713 1423 751; x_wconf 86' lang='lat' dir='ltr'>Caesar</span> <span class='ocrx_word' id='word_1_56' title='bbox 1443 715 1683 753; x_wconf 88' lang='lat' dir='ltr'>Pharnacem</span> 
     </span>
    </p>
   </div>
   <div class='ocr_carea' id='block_1_3' title="bbox 197 817 464 821">
    <p class='ocr_par' dir='ltr' id='par_1_4' title="bbox 197 817 464 821">
     <span class='ocr_line' id='line_1_9' title="bbox 197 817 464 821; baseline 0 0"><span class='ocrx_word' id='word_1_57' title='bbox 197 817 464 821; x_wconf 95' lang='lat' dir='ltr'> </span> 
     </span>
    </p>
   </div>
   <div class='ocr_carea' id='block_1_4' title="bbox 192 876 1686 2743">
    <p class='ocr_par' dir='ltr' id='par_1_5' title="bbox 192 876 1686 1545">
     <span class='ocr_line' id='line_1_10' title="bbox 310 876 1684 924; baseline 0.004 -14"><span class='ocrx_word' id='word_1_58' title='bbox 310 877 339 917; x_wconf 91' lang='lat'>¹)</span> <span class='ocrx_word' id='word_1_59' title='bbox 364 876 456 911; x_wconf 91' lang='lat' dir='ltr'>Bull.</span> <span class='ocrx_word' id='word_1_60' title='bbox 483 876 514 910; x_wconf 90' lang='lat' dir='ltr'>d.</span> <span class='ocrx_word' id='word_1_61' title='bbox 541 886 569 910; x_wconf 91' lang='lat' dir='ltr'>c.</span> <span class='ocrx_word' id='word_1_62' title='bbox 596 876 688 910; x_wconf 91' lang='lat' dir='ltr'>Hell.</span> <span class='ocrx_word' id='word_1_63' title='bbox 714 876 783 909; x_wconf 90' lang='lat' dir='ltr'>XII</span> <span class='ocrx_word' id='word_1_64' title='bbox 815 888 847 920; x_wconf 89' lang='lat' dir='ltr'>p.</span> <span class='ocrx_word' id='word_1_65' title='bbox 872 879 939 912; x_wconf 88' lang='lat'>255</span> <span class='ocrx_word' id='word_1_66' title='bbox 972 880 1068 921; x_wconf 86' lang='lat' dir='ltr'>(app.</span> <span class='ocrx_word' id='word_1_67' title='bbox 1100 889 1132 911; x_wconf 93' lang='lat' dir='ltr'>n.</span> <span class='ocrx_word' id='word_1_68' title='bbox 1157 879 1222 923; x_wconf 86' lang='lat'>78).</span> <span class='ocrx_word' id='word_1_69' title='bbox 1278 879 1317 912; x_wconf 92' lang='lat' dir='ltr'>In</span> <span class='ocrx_word' id='word_1_70' title='bbox 1349 880 1405 914; x_wconf 88' lang='lat' dir='ltr'>his</span> <span class='ocrx_word' id='word_1_71' title='bbox 1436 880 1549 915; x_wconf 90' lang='lat' dir='ltr'>titulis</span> <span class='ocrx_word' id='word_1_72' title='bbox 1580 880 1684 924; x_wconf 81' lang='lat' dir='ltr'>cives,</span> 
     </span>
     <span class='ocr_line' id='line_1_11' title="bbox 193 933 1684 981; baseline 0.004 -15"><span class='ocrx_word' id='word_1_73' title='bbox 193 933 361 977; x_wconf 88' lang='lat' dir='ltr'>Romani,</span> <span class='ocrx_word' id='word_1_74' title='bbox 393 933 590 977; x_wconf 84' lang='lat' dir='ltr'>peregrini,</span> <span class='ocrx_word' id='word_1_75' title='bbox 623 934 683 976; x_wconf 90' lang='lat' dir='ltr'>qui</span> <span class='ocrx_word' id='word_1_76' title='bbox 710 934 859 968; x_wconf 86' lang='lat' dir='ltr'>aderant</span> <span class='ocrx_word' id='word_1_77' title='bbox 884 934 929 968; x_wconf 88' lang='lat' dir='ltr'>ad</span> <span class='ocrx_word' id='word_1_78' title='bbox 954 936 1103 980; x_wconf 89' lang='lat' dir='ltr'>templa,</span> <span class='ocrx_word' id='word_1_79' title='bbox 1136 946 1226 979; x_wconf 90' lang='lat' dir='ltr'>quae</span> <span class='ocrx_word' id='word_1_80' title='bbox 1258 937 1500 981; x_wconf 80' lang='lat' dir='ltr'>nominantur,</span> <span class='ocrx_word' id='word_1_81' title='bbox 1532 937 1577 971; x_wconf 89' lang='lat' dir='ltr'>ad</span> <span class='ocrx_word' id='word_1_82' title='bbox 1610 937 1684 972; x_wconf 85' lang='lat' dir='ltr'>dies</span> 
     </span>
     <span class='ocr_line' id='line_1_12' title="bbox 192 990 1683 1037; baseline 0.003 -13"><span class='ocrx_word' id='word_1_83' title='bbox 192 990 302 1025; x_wconf 87' lang='lat' dir='ltr'>festos</span> <span class='ocrx_word' id='word_1_84' title='bbox 327 991 483 1034; x_wconf 86' lang='lat' dir='ltr'>agendos</span> <span class='ocrx_word' id='word_1_85' title='bbox 509 1001 649 1034; x_wconf 87' lang='lat' dir='ltr'>unaque</span> <span class='ocrx_word' id='word_1_86' title='bbox 674 991 775 1025; x_wconf 89' lang='lat' dir='ltr'>donis</span> <span class='ocrx_word' id='word_1_87' title='bbox 795 992 1017 1026; x_wconf 77' lang='lat' dir='ltr'>sacerdotum</span> <span class='ocrx_word' id='word_1_88' title='bbox 1035 993 1255 1037; x_wconf 83' lang='lat' dir='ltr'>fruebantur,</span> <span class='ocrx_word' id='word_1_89' title='bbox 1274 998 1535 1028; x_wconf 82' lang='lat' dir='ltr'>enumerantur.</span> <span class='ocrx_word' id='word_1_90' title='bbox 1570 994 1683 1037; x_wconf 79' lang='lat' dir='ltr'>Quae-</span> 
     </span>
     <span class='ocr_line' id='line_1_13' title="bbox 192 1047 1685 1094; baseline 0.002 -13"><span class='ocrx_word' id='word_1_91' title='bbox 192 1048 300 1092; x_wconf 89' lang='lat' dir='ltr'>ritur,</span> <span class='ocrx_word' id='word_1_92' title='bbox 334 1053 452 1082; x_wconf 88' lang='lat' dir='ltr'>utrum</span> <span class='ocrx_word' id='word_1_93' title='bbox 484 1047 634 1082; x_wconf 87' lang='lat' dir='ltr'>Romani</span> <span class='ocrx_word' id='word_1_94' title='bbox 667 1048 909 1091; x_wconf 87' lang='lat' dir='ltr'>negotiatores</span> <span class='ocrx_word' id='word_1_95' title='bbox 942 1059 984 1083; x_wconf 89' lang='lat' dir='ltr'>ac</span> <span class='ocrx_word' id='word_1_96' title='bbox 1014 1055 1230 1084; x_wconf 83' lang='lat' dir='ltr'>mercatores</span> <span class='ocrx_word' id='word_1_97' title='bbox 1262 1050 1306 1084; x_wconf 91' lang='lat' dir='ltr'>ad</span> <span class='ocrx_word' id='word_1_98' title='bbox 1338 1050 1445 1085; x_wconf 87' lang='lat' dir='ltr'>aedes</span> <span class='ocrx_word' id='word_1_99' title='bbox 1476 1050 1573 1094; x_wconf 85' lang='lat' dir='ltr'>ipsas</span> <span class='ocrx_word' id='word_1_100' title='bbox 1605 1060 1685 1084; x_wconf 87' lang='lat' dir='ltr'>con-</span> 
     </span>
     <span class='ocr_line' id='line_1_14' title="bbox 193 1104 1686 1150; baseline 0.001 -12"><span class='ocrx_word' id='word_1_101' title='bbox 193 1105 359 1139; x_wconf 85' lang='lat' dir='ltr'>sistentes</span> <span class='ocrx_word' id='word_1_102' title='bbox 391 1104 602 1148; x_wconf 84' lang='lat' dir='ltr'>afferantur,</span> <span class='ocrx_word' id='word_1_103' title='bbox 641 1115 685 1138; x_wconf 89' lang='lat' dir='ltr'>an</span> <span class='ocrx_word' id='word_1_104' title='bbox 718 1105 777 1148; x_wconf 90' lang='lat' dir='ltr'>qui</span> <span class='ocrx_word' id='word_1_105' title='bbox 811 1116 855 1140; x_wconf 86' lang='lat' dir='ltr'>ex</span> <span class='ocrx_word' id='word_1_106' title='bbox 889 1106 1101 1150; x_wconf 89' lang='lat' dir='ltr'>propinquis</span> <span class='ocrx_word' id='word_1_107' title='bbox 1133 1107 1279 1141; x_wconf 88' lang='lat' dir='ltr'>urbibus</span> <span class='ocrx_word' id='word_1_108' title='bbox 1311 1107 1365 1141; x_wconf 88' lang='lat' dir='ltr'>vel</span> <span class='ocrx_word' id='word_1_109' title='bbox 1398 1118 1441 1141; x_wconf 85' lang='lat' dir='ltr'>ex</span> <span class='ocrx_word' id='word_1_110' title='bbox 1472 1112 1547 1142; x_wconf 87' lang='lat' dir='ltr'>tota</span> <span class='ocrx_word' id='word_1_111' title='bbox 1581 1107 1686 1141; x_wconf 85' lang='lat' dir='ltr'>Caria</span> 
     </span>
     <span class='ocr_line' id='line_1_15' title="bbox 193 1161 1681 1208; baseline 0.002 -13"><span class='ocrx_word' id='word_1_112' title='bbox 193 1167 439 1196; x_wconf 87' lang='lat' dir='ltr'>convenerant.</span> <span class='ocrx_word' id='word_1_113' title='bbox 488 1161 665 1205; x_wconf 88' lang='lat' dir='ltr'>Equidem</span> <span class='ocrx_word' id='word_1_114' title='bbox 689 1162 754 1197; x_wconf 87' lang='lat' dir='ltr'>hos</span> <span class='ocrx_word' id='word_1_115' title='bbox 778 1163 957 1198; x_wconf 83' lang='lat' dir='ltr'>Romanos</span> <span class='ocrx_word' id='word_1_116' title='bbox 984 1163 1228 1198; x_wconf 85' lang='lat' dir='ltr'>Stratoniceae</span> <span class='ocrx_word' id='word_1_117' title='bbox 1254 1164 1436 1199; x_wconf 84' lang='lat' dir='ltr'>habitasse</span> <span class='ocrx_word' id='word_1_118' title='bbox 1462 1170 1547 1208; x_wconf 91' lang='lat' dir='ltr'>puto</span> <span class='ocrx_word' id='word_1_119' title='bbox 1575 1169 1681 1208; x_wconf 86' lang='lat' dir='ltr'>atque</span> 
     </span>
     <span class='ocr_line' id='line_1_16' title="bbox 193 1219 1686 1264; baseline 0.001 -11"><span class='ocrx_word' id='word_1_120' title='bbox 193 1224 337 1254; x_wconf 86' lang='lat' dir='ltr'>senatus</span> <span class='ocrx_word' id='word_1_121' title='bbox 368 1219 608 1263; x_wconf 87' lang='lat' dir='ltr'>populusque,</span> <span class='ocrx_word' id='word_1_122' title='bbox 641 1219 702 1263; x_wconf 89' lang='lat' dir='ltr'>qui</span> <span class='ocrx_word' id='word_1_123' title='bbox 734 1219 770 1253; x_wconf 91' lang='lat' dir='ltr'>in</span> <span class='ocrx_word' id='word_1_124' title='bbox 801 1220 905 1254; x_wconf 90' lang='lat' dir='ltr'>titulo</span> <span class='ocrx_word' id='word_1_125' title='bbox 928 1220 1020 1254; x_wconf 87' lang='lat' dir='ltr'>Bull.</span> <span class='ocrx_word' id='word_1_126' title='bbox 1052 1220 1095 1255; x_wconf 89' lang='lat' dir='ltr'>de</span> <span class='ocrx_word' id='word_1_127' title='bbox 1127 1231 1197 1255; x_wconf 87' lang='lat' dir='ltr'>cor.</span> <span class='ocrx_word' id='word_1_128' title='bbox 1232 1220 1322 1255; x_wconf 91' lang='lat' dir='ltr'>Hell.</span> <span class='ocrx_word' id='word_1_129' title='bbox 1349 1221 1400 1254; x_wconf 91' lang='lat' dir='ltr'>XI</span> <span class='ocrx_word' id='word_1_130' title='bbox 1431 1232 1464 1264; x_wconf 89' lang='lat' dir='ltr'>p.</span> <span class='ocrx_word' id='word_1_131' title='bbox 1492 1222 1554 1256; x_wconf 86' lang='lat'>147</span> <span class='ocrx_word' id='word_1_132' title='bbox 1586 1232 1618 1255; x_wconf 92' lang='lat' dir='ltr'>n.</span> <span class='ocrx_word' id='word_1_133' title='bbox 1642 1224 1686 1256; x_wconf 87' lang='lat'>48</span> 
     </span>
     <span class='ocr_line' id='line_1_17' title="bbox 193 1275 1685 1312; baseline 0.001 -2"><span class='ocrx_word' id='word_1_134' title='bbox 193 1279 487 1310; x_wconf 84' lang='lat' dir='ltr'>commemoratur</span> <span class='ocrx_word' id='word_1_135' title='bbox 513 1279 548 1309; x_wconf 89' lang='lat' dir='ltr'>et</span> <span class='ocrx_word' id='word_1_136' title='bbox 574 1275 667 1309; x_wconf 87' lang='lat' dir='ltr'>cives</span> <span class='ocrx_word' id='word_1_137' title='bbox 694 1275 843 1309; x_wconf 86' lang='lat' dir='ltr'>aliorum</span> <span class='ocrx_word' id='word_1_138' title='bbox 877 1275 1062 1310; x_wconf 90' lang='lat' dir='ltr'>titulorum</span> <span class='ocrx_word' id='word_1_139' title='bbox 1092 1276 1179 1310; x_wconf 88' lang='lat' dir='ltr'>mihi</span> <span class='ocrx_word' id='word_1_140' title='bbox 1211 1277 1375 1311; x_wconf 89' lang='lat' dir='ltr'>videntur</span> <span class='ocrx_word' id='word_1_141' title='bbox 1402 1277 1685 1312; x_wconf 82' lang='lat' dir='ltr'>Stratonicenses</span> 
     </span>
     <span class='ocr_line' id='line_1_18' title="bbox 195 1331 1686 1376; baseline 0.002 -10"><span class='ocrx_word' id='word_1_142' title='bbox 195 1331 318 1376; x_wconf 85' lang='lat' dir='ltr'>fuisse,</span> <span class='ocrx_word' id='word_1_143' title='bbox 343 1331 472 1375; x_wconf 89' lang='lat' dir='ltr'>quibus</span> <span class='ocrx_word' id='word_1_144' title='bbox 491 1331 645 1366; x_wconf 89' lang='lat' dir='ltr'>Hecates</span> <span class='ocrx_word' id='word_1_145' title='bbox 671 1332 867 1366; x_wconf 85' lang='lat' dir='ltr'>sacrarium</span> <span class='ocrx_word' id='word_1_146' title='bbox 884 1332 1045 1376; x_wconf 83' lang='lat' dir='ltr'>Laginae</span> <span class='ocrx_word' id='word_1_147' title='bbox 1071 1333 1176 1367; x_wconf 89' lang='lat' dir='ltr'>situm</span> <span class='ocrx_word' id='word_1_148' title='bbox 1202 1343 1281 1367; x_wconf 89' lang='lat' dir='ltr'>cum</span> <span class='ocrx_word' id='word_1_149' title='bbox 1308 1334 1382 1368; x_wconf 85' lang='lat' dir='ltr'>vico</span> <span class='ocrx_word' id='word_1_150' title='bbox 1408 1334 1514 1369; x_wconf 89' lang='lat' dir='ltr'>huius</span> <span class='ocrx_word' id='word_1_151' title='bbox 1536 1335 1686 1369; x_wconf 90' lang='lat' dir='ltr'>nominis</span> 
     </span>
     <span class='ocr_line' id='line_1_19' title="bbox 194 1388 1686 1432; baseline 0.002 -10"><span class='ocrx_word' id='word_1_152' title='bbox 194 1388 404 1423; x_wconf 85' lang='lat' dir='ltr'>attributum</span> <span class='ocrx_word' id='word_1_153' title='bbox 439 1393 525 1422; x_wconf 87' lang='lat' dir='ltr'>erat.</span> <span class='ocrx_word' id='word_1_154' title='bbox 579 1388 791 1423; x_wconf 85' lang='lat' dir='ltr'>Conferatur</span> <span class='ocrx_word' id='word_1_155' title='bbox 822 1389 976 1432; x_wconf 86' lang='lat' dir='ltr'>epistula</span> <span class='ocrx_word' id='word_1_156' title='bbox 1010 1389 1129 1424; x_wconf 84' lang='lat' dir='ltr'>Sullae</span> <span class='ocrx_word' id='word_1_157' title='bbox 1156 1394 1190 1423; x_wconf 90' lang='lat' dir='ltr'>et</span> <span class='ocrx_word' id='word_1_158' title='bbox 1216 1400 1262 1424; x_wconf 90' lang='lat' dir='ltr'>sc.</span> <span class='ocrx_word' id='word_1_159' title='bbox 1289 1390 1332 1425; x_wconf 86' lang='lat' dir='ltr'>de</span> <span class='ocrx_word' id='word_1_160' title='bbox 1364 1391 1686 1425; x_wconf 86' lang='lat' dir='ltr'>Stratonicensibus</span> 
     </span>
     <span class='ocr_line' id='line_1_20' title="bbox 193 1445 1685 1491; baseline 0.001 -11"><span class='ocrx_word' id='word_1_161' title='bbox 193 1446 326 1480; x_wconf 86' lang='lat' dir='ltr'>factum</span> <span class='ocrx_word' id='word_1_162' title='bbox 352 1455 384 1479; x_wconf 88' lang='lat' dir='ltr'>a.</span> <span class='ocrx_word' id='word_1_163' title='bbox 403 1446 547 1489; x_wconf 81' lang='lat' dir='ltr'>673l813</span> <span class='ocrx_word' id='word_1_164' title='bbox 573 1445 739 1489; x_wconf 88' lang='lat' dir='ltr'>Viereck,</span> <span class='ocrx_word' id='word_1_165' title='bbox 764 1445 886 1480; x_wconf 86' lang='lat' dir='ltr'>Sermo</span> <span class='ocrx_word' id='word_1_166' title='bbox 905 1455 1054 1489; x_wconf 86' lang='lat' dir='ltr'>graecus</span> <span class='ocrx_word' id='word_1_167' title='bbox 1079 1457 1112 1490; x_wconf 91' lang='lat' dir='ltr'>p.</span> <span class='ocrx_word' id='word_1_168' title='bbox 1131 1449 1176 1481; x_wconf 84' lang='lat'>24</span> <span class='ocrx_word' id='word_1_169' title='bbox 1192 1457 1285 1491; x_wconf 83' lang='lat' dir='ltr'>sqq.;</span> <span class='ocrx_word' id='word_1_170' title='bbox 1312 1447 1352 1481; x_wconf 93' lang='lat' dir='ltr'>V.</span> <span class='ocrx_word' id='word_1_171' title='bbox 1372 1448 1478 1482; x_wconf 86' lang='lat' dir='ltr'>etiam</span> <span class='ocrx_word' id='word_1_172' title='bbox 1495 1447 1588 1484; x_wconf 92' lang='lat' dir='ltr'>Bull.</span> <span class='ocrx_word' id='word_1_173' title='bbox 1607 1448 1638 1482; x_wconf 88' lang='lat' dir='ltr'>d.</span> <span class='ocrx_word' id='word_1_174' title='bbox 1657 1458 1685 1482; x_wconf 86' lang='lat' dir='ltr'>c.</span> 
     </span>
     <span class='ocr_line' id='line_1_21' title="bbox 193 1502 745 1545; baseline 0 -9"><span class='ocrx_word' id='word_1_175' title='bbox 193 1502 285 1536; x_wconf 91' lang='lat' dir='ltr'>Hell.</span> <span class='ocrx_word' id='word_1_176' title='bbox 311 1502 379 1535; x_wconf 87' lang='lat' dir='ltr'>XII</span> <span class='ocrx_word' id='word_1_177' title='bbox 405 1504 521 1543; x_wconf 76' lang='lat'>(1888,</span> <span class='ocrx_word' id='word_1_178' title='bbox 548 1512 581 1545; x_wconf 89' lang='lat' dir='ltr'>p.</span> <span class='ocrx_word' id='word_1_179' title='bbox 599 1502 745 1537; x_wconf 81' lang='lat'>89—97.</span> 
     </span>
    </p>

    <p class='ocr_par' dir='ltr' id='par_1_6' title="bbox 193 1557 1686 1707">
     <span class='ocr_line' id='line_1_22' title="bbox 307 1557 1686 1605; baseline 0.004 -14"><span class='ocrx_word' id='word_1_180' title='bbox 307 1559 336 1602; x_wconf 87' lang='grc'>2)</span> <span class='ocrx_word' id='word_1_181' title='bbox 361 1557 452 1592; x_wconf 92' lang='lat' dir='ltr'>Bull.</span> <span class='ocrx_word' id='word_1_182' title='bbox 479 1557 511 1591; x_wconf 87' lang='lat' dir='ltr'>d.</span> <span class='ocrx_word' id='word_1_183' title='bbox 530 1568 558 1591; x_wconf 93' lang='lat' dir='ltr'>c.</span> <span class='ocrx_word' id='word_1_184' title='bbox 577 1557 670 1592; x_wconf 71' lang='lat' dir='ltr'>He³l.</span> <span class='ocrx_word' id='word_1_185' title='bbox 696 1557 730 1591; x_wconf 93' lang='lat' dir='ltr'>II</span> <span class='ocrx_word' id='word_1_186' title='bbox 754 1568 787 1601; x_wconf 89' lang='lat' dir='ltr'>p.</span> <span class='ocrx_word' id='word_1_187' title='bbox 807 1561 873 1593; x_wconf 86' lang='lat'>598</span> <span class='ocrx_word' id='word_1_188' title='bbox 898 1563 994 1602; x_wconf 86' lang='lat' dir='ltr'>(app.</span> <span class='ocrx_word' id='word_1_189' title='bbox 1021 1569 1053 1592; x_wconf 89' lang='lat' dir='ltr'>n.</span> <span class='ocrx_word' id='word_1_190' title='bbox 1073 1560 1150 1603; x_wconf 80' lang='lat'>79);</span> <span class='ocrx_word' id='word_1_191' title='bbox 1175 1559 1221 1593; x_wconf 91' lang='lat' dir='ltr'>ib.</span> <span class='ocrx_word' id='word_1_192' title='bbox 1247 1570 1281 1603; x_wconf 91' lang='lat' dir='ltr'>p.</span> <span class='ocrx_word' id='word_1_193' title='bbox 1298 1563 1365 1595; x_wconf 82' lang='lat'>599</span> <span class='ocrx_word' id='word_1_194' title='bbox 1391 1576 1432 1590; x_wconf 89' lang='lat'><strong><em>=</em></strong></span> <span class='ocrx_word' id='word_1_195' title='bbox 1458 1561 1543 1594; x_wconf 89' lang='lat' dir='ltr'>XIII</span> <span class='ocrx_word' id='word_1_196' title='bbox 1569 1573 1602 1605; x_wconf 91' lang='lat' dir='ltr'>p.</span> <span class='ocrx_word' id='word_1_197' title='bbox 1620 1564 1686 1597; x_wconf 89' lang='lat'>333</span> 
     </span>
     <span class='ocr_line' id='line_1_23' title="bbox 193 1615 1684 1662; baseline 0.002 -13"><span class='ocrx_word' id='word_1_198' title='bbox 193 1616 272 1650; x_wconf 85' lang='lat' dir='ltr'>adn.</span> <span class='ocrx_word' id='word_1_199' title='bbox 295 1619 309 1650; x_wconf 98' lang='lat' dir='ltr'>l</span> <span class='ocrx_word' id='word_1_200' title='bbox 337 1617 430 1660; x_wconf 86' lang='lat' dir='ltr'>(app.</span> <span class='ocrx_word' id='word_1_201' title='bbox 457 1626 490 1649; x_wconf 92' lang='lat' dir='ltr'>n.</span> <span class='ocrx_word' id='word_1_202' title='bbox 508 1617 580 1659; x_wconf 85' lang='lat'>80);</span> <span class='ocrx_word' id='word_1_203' title='bbox 614 1615 659 1649; x_wconf 90' lang='lat' dir='ltr'>ib.</span> <span class='ocrx_word' id='word_1_204' title='bbox 686 1626 718 1659; x_wconf 92' lang='lat' dir='ltr'>p.</span> <span class='ocrx_word' id='word_1_205' title='bbox 737 1618 804 1650; x_wconf 86' lang='lat'>333</span> <span class='ocrx_word' id='word_1_206' title='bbox 829 1623 924 1659; x_wconf 79' lang='lat' dir='ltr'>(app.</span> <span class='ocrx_word' id='word_1_207' title='bbox 952 1626 984 1649; x_wconf 90' lang='lat' dir='ltr'>n.</span> <span class='ocrx_word' id='word_1_208' title='bbox 1003 1618 1061 1659; x_wconf 90' lang='lat'>81)</span> <span class='ocrx_word' id='word_1_209' title='bbox 1092 1616 1134 1651; x_wconf 88' lang='lat' dir='ltr'>cf.</span> <span class='ocrx_word' id='word_1_210' title='bbox 1168 1616 1218 1650; x_wconf 88' lang='lat' dir='ltr'>Le</span> <span class='ocrx_word' id='word_1_211' title='bbox 1245 1617 1584 1662; x_wconf 84' lang='lat' dir='ltr'>Bas-Waddington</span> <span class='ocrx_word' id='word_1_212' title='bbox 1616 1619 1636 1652; x_wconf 90' lang='lat' dir='ltr'>l.</span> <span class='ocrx_word' id='word_1_213' title='bbox 1664 1619 1684 1652; x_wconf 93' lang='lat' dir='ltr'>l.</span> 
     </span>
     <span class='ocr_line' id='line_1_24' title="bbox 193 1675 351 1707; baseline 0.006 -1"><span class='ocrx_word' id='word_1_214' title='bbox 193 1684 225 1706; x_wconf 90' lang='lat' dir='ltr'>n.</span> <span class='ocrx_word' id='word_1_215' title='bbox 255 1675 351 1707; x_wconf 82' lang='lat'>1218.</span> 
     </span>
    </p>

    <p class='ocr_par' dir='ltr' id='par_1_7' title="bbox 192 1729 1685 1888">
     <span class='ocr_line' id='line_1_25' title="bbox 305 1729 1684 1775; baseline 0.001 -11"><span class='ocrx_word' id='word_1_216' title='bbox 305 1730 335 1772; x_wconf 85' lang='lat'>3)</span> <span class='ocrx_word' id='word_1_217' title='bbox 361 1730 436 1764; x_wconf 91' lang='lat' dir='ltr'>CIL</span> <span class='ocrx_word' id='word_1_218' title='bbox 461 1730 511 1763; x_wconf 94' lang='lat' dir='ltr'>III</span> <span class='ocrx_word' id='word_1_219' title='bbox 536 1733 602 1765; x_wconf 84' lang='lat'>365</span> <span class='ocrx_word' id='word_1_220' title='bbox 627 1734 722 1774; x_wconf 85' lang='lat' dir='ltr'>(app.</span> <span class='ocrx_word' id='word_1_221' title='bbox 749 1741 781 1763; x_wconf 90' lang='lat' dir='ltr'>n.</span> <span class='ocrx_word' id='word_1_222' title='bbox 801 1732 876 1773; x_wconf 72' lang='lat'>83&gt;3</span> <span class='ocrx_word' id='word_1_223' title='bbox 909 1729 992 1763; x_wconf 89' lang='lat' dir='ltr'>Rev.</span> <span class='ocrx_word' id='word_1_224' title='bbox 1019 1730 1172 1764; x_wconf 76' lang='lat' dir='ltr'>archeol.</span> <span class='ocrx_word' id='word_1_225' title='bbox 1198 1730 1267 1763; x_wconf 91' lang='lat' dir='ltr'>XII</span> <span class='ocrx_word' id='word_1_226' title='bbox 1292 1741 1324 1773; x_wconf 90' lang='lat' dir='ltr'>p.</span> <span class='ocrx_word' id='word_1_227' title='bbox 1343 1733 1405 1765; x_wconf 83' lang='lat'>221</span> <span class='ocrx_word' id='word_1_228' title='bbox 1436 1734 1531 1775; x_wconf 86' lang='lat' dir='ltr'>(app.</span> <span class='ocrx_word' id='word_1_229' title='bbox 1558 1742 1590 1765; x_wconf 91' lang='lat' dir='ltr'>n.</span> <span class='ocrx_word' id='word_1_230' title='bbox 1608 1734 1684 1775; x_wconf 83' lang='lat'>84);</span> 
     </span>
     <span class='ocr_line' id='line_1_26' title="bbox 192 1785 1685 1832; baseline 0.002 -12"><span class='ocrx_word' id='word_1_231' title='bbox 192 1786 334 1821; x_wconf 86' lang='lat' dir='ltr'>Mitteil.</span> <span class='ocrx_word' id='word_1_232' title='bbox 360 1787 392 1821; x_wconf 88' lang='lat' dir='ltr'>d.</span> <span class='ocrx_word' id='word_1_233' title='bbox 419 1787 579 1821; x_wconf 80' lang='lat' dir='ltr'>deutsch.</span> <span class='ocrx_word' id='word_1_234' title='bbox 605 1787 701 1821; x_wconf 88' lang='lat' dir='ltr'>arch.</span> <span class='ocrx_word' id='word_1_235' title='bbox 729 1786 813 1820; x_wconf 89' lang='lat' dir='ltr'>Inst.</span> <span class='ocrx_word' id='word_1_236' title='bbox 840 1797 869 1820; x_wconf 85' lang='lat' dir='ltr'>z.</span> <span class='ocrx_word' id='word_1_237' title='bbox 896 1785 1016 1820; x_wconf 89' lang='lat' dir='ltr'>Athen</span> <span class='ocrx_word' id='word_1_238' title='bbox 1043 1786 1126 1821; x_wconf 90' lang='lat' dir='ltr'>XVI</span> <span class='ocrx_word' id='word_1_239' title='bbox 1151 1788 1267 1832; x_wconf 90' lang='lat'>(1891)</span> <span class='ocrx_word' id='word_1_240' title='bbox 1293 1798 1325 1831; x_wconf 88' lang='lat' dir='ltr'>p.</span> <span class='ocrx_word' id='word_1_241' title='bbox 1349 1789 1411 1823; x_wconf 92' lang='lat'>147</span> <span class='ocrx_word' id='word_1_242' title='bbox 1437 1793 1533 1832; x_wconf 90' lang='lat' dir='ltr'>(app.</span> <span class='ocrx_word' id='word_1_243' title='bbox 1560 1800 1591 1822; x_wconf 92' lang='lat' dir='ltr'>n.</span> <span class='ocrx_word' id='word_1_244' title='bbox 1610 1791 1685 1831; x_wconf 87' lang='lat'>85);</span> 
     </span>
     <span class='ocr_line' id='line_1_27' title="bbox 192 1844 647 1888; baseline 0 -11"><span class='ocrx_word' id='word_1_245' title='bbox 192 1844 238 1877; x_wconf 90' lang='lat' dir='ltr'>ib.</span> <span class='ocrx_word' id='word_1_246' title='bbox 264 1855 297 1888; x_wconf 90' lang='lat' dir='ltr'>p.</span> <span class='ocrx_word' id='word_1_247' title='bbox 318 1847 381 1878; x_wconf 89' lang='lat'>148</span> <span class='ocrx_word' id='word_1_248' title='bbox 407 1850 502 1887; x_wconf 85' lang='lat' dir='ltr'>(app.</span> <span class='ocrx_word' id='word_1_249' title='bbox 528 1855 560 1877; x_wconf 91' lang='lat' dir='ltr'>n.</span> <span class='ocrx_word' id='word_1_250' title='bbox 579 1846 647 1884; x_wconf 85' lang='lat'>86).</span> 
     </span>
    </p>

    <p class='ocr_par' dir='ltr' id='par_1_8' title="bbox 305 1900 1291 1944">
     <span class='ocr_line' id='line_1_28' title="bbox 305 1900 1291 1944; baseline 0 -10"><span class='ocrx_word' id='word_1_251' title='bbox 305 1901 335 1942; x_wconf 84' lang='lat'>4)</span> <span class='ocrx_word' id='word_1_252' title='bbox 362 1900 453 1934; x_wconf 89' lang='lat' dir='ltr'>Bull.</span> <span class='ocrx_word' id='word_1_253' title='bbox 480 1900 512 1934; x_wconf 86' lang='lat' dir='ltr'>d.</span> <span class='ocrx_word' id='word_1_254' title='bbox 537 1911 565 1934; x_wconf 87' lang='lat' dir='ltr'>c.</span> <span class='ocrx_word' id='word_1_255' title='bbox 591 1900 683 1934; x_wconf 90' lang='lat' dir='ltr'>Hell.</span> <span class='ocrx_word' id='word_1_256' title='bbox 710 1900 741 1933; x_wconf 91' lang='lat' dir='ltr'>X</span> <span class='ocrx_word' id='word_1_257' title='bbox 767 1901 881 1944; x_wconf 89' lang='lat'>(1886)</span> <span class='ocrx_word' id='word_1_258' title='bbox 908 1911 940 1944; x_wconf 90' lang='lat' dir='ltr'>p.</span> <span class='ocrx_word' id='word_1_259' title='bbox 959 1903 1026 1934; x_wconf 86' lang='grc'>422</span> <span class='ocrx_word' id='word_1_260' title='bbox 1052 1902 1147 1944; x_wconf 90' lang='lat' dir='ltr'>(app.</span> <span class='ocrx_word' id='word_1_261' title='bbox 1175 1911 1206 1934; x_wconf 91' lang='lat' dir='ltr'>n.</span> <span class='ocrx_word' id='word_1_262' title='bbox 1223 1901 1291 1942; x_wconf 88' lang='lat'>87).</span> 
     </span>
    </p>

    <p class='ocr_par' dir='ltr' id='par_1_9' title="bbox 192 1957 1685 2286">
     <span class='ocr_line' id='line_1_29' title="bbox 307 1957 1683 2003; baseline 0.001 -11"><span class='ocrx_word' id='word_1_263' title='bbox 307 1959 335 2000; x_wconf 79' lang='lat'>⁵)</span> <span class='ocrx_word' id='word_1_264' title='bbox 361 1957 459 1992; x_wconf 89' lang='lat' dir='ltr'>CIGr</span> <span class='ocrx_word' id='word_1_265' title='bbox 482 1958 573 1992; x_wconf 88' lang='lat'>3874</span> <span class='ocrx_word' id='word_1_266' title='bbox 597 1962 692 2001; x_wconf 87' lang='lat' dir='ltr'>(app.</span> <span class='ocrx_word' id='word_1_267' title='bbox 719 1969 751 1991; x_wconf 90' lang='lat' dir='ltr'>n.</span> <span class='ocrx_word' id='word_1_268' title='bbox 772 1960 840 1998; x_wconf 90' lang='lat'>88).</span> <span class='ocrx_word' id='word_1_269' title='bbox 889 1957 1030 1991; x_wconf 87' lang='lat' dir='ltr'>Titulus</span> <span class='ocrx_word' id='word_1_270' title='bbox 1056 1962 1219 2001; x_wconf 89' lang='lat' dir='ltr'>repertus</span> <span class='ocrx_word' id='word_1_271' title='bbox 1246 1963 1300 1992; x_wconf 90' lang='lat' dir='ltr'>est</span> <span class='ocrx_word' id='word_1_272' title='bbox 1325 1958 1360 1993; x_wconf 89' lang='lat' dir='ltr'>in</span> <span class='ocrx_word' id='word_1_273' title='bbox 1379 1959 1466 2003; x_wconf 88' lang='lat' dir='ltr'>vico,</span> <span class='ocrx_word' id='word_1_274' title='bbox 1493 1960 1553 2003; x_wconf 92' lang='lat' dir='ltr'>qui</span> <span class='ocrx_word' id='word_1_275' title='bbox 1579 1960 1683 1994; x_wconf 86' lang='lat' dir='ltr'>hodie</span> 
     </span>
     <span class='ocr_line' id='line_1_30' title="bbox 194 2012 1684 2061; baseline 0.002 -14"><span class='ocrx_word' id='word_1_276' title='bbox 194 2013 326 2048; x_wconf 84' lang='lat' dir='ltr'>dicitur</span> <span class='ocrx_word' id='word_1_277' title='bbox 351 2013 493 2057; x_wconf 86' lang='lat' dir='ltr'>Ushak,</span> <span class='ocrx_word' id='word_1_278' title='bbox 525 2023 629 2057; x_wconf 87' lang='lat' dir='ltr'>quam</span> <span class='ocrx_word' id='word_1_279' title='bbox 663 2013 706 2047; x_wconf 92' lang='lat' dir='ltr'>ob</span> <span class='ocrx_word' id='word_1_280' title='bbox 731 2024 804 2047; x_wconf 89' lang='lat' dir='ltr'>rem</span> <span class='ocrx_word' id='word_1_281' title='bbox 832 2024 911 2047; x_wconf 88' lang='lat' dir='ltr'>eum</span> <span class='ocrx_word' id='word_1_282' title='bbox 936 2012 1133 2047; x_wconf 86' lang='lat' dir='ltr'>Mommsen</span> <span class='ocrx_word' id='word_1_283' title='bbox 1165 2013 1241 2058; x_wconf 81' lang='lat' dir='ltr'>(RG</span> <span class='ocrx_word' id='word_1_284' title='bbox 1267 2014 1299 2048; x_wconf 82' lang='lat' dir='ltr'><strong>V</strong></span> <span class='ocrx_word' id='word_1_285' title='bbox 1324 2026 1356 2058; x_wconf 91' lang='lat' dir='ltr'>p.</span> <span class='ocrx_word' id='word_1_286' title='bbox 1374 2018 1452 2061; x_wconf 89' lang='grc'>332)</span> <span class='ocrx_word' id='word_1_287' title='bbox 1485 2017 1616 2051; x_wconf 90' lang='lat' dir='ltr'>rectius</span> <span class='ocrx_word' id='word_1_288' title='bbox 1641 2017 1684 2050; x_wconf 80' lang='lat' dir='ltr'>ad</span> 
     </span>
     <span class='ocr_line' id='line_1_31' title="bbox 194 2069 1685 2116; baseline 0.002 -12"><span class='ocrx_word' id='word_1_289' title='bbox 194 2070 377 2113; x_wconf 87' lang='lat' dir='ltr'>antiquam</span> <span class='ocrx_word' id='word_1_290' title='bbox 393 2069 658 2113; x_wconf 86' lang='lat' dir='ltr'>Traianopolim</span> <span class='ocrx_word' id='word_1_291' title='bbox 677 2070 810 2104; x_wconf 82' lang='lat' dir='ltr'>referre</span> <span class='ocrx_word' id='word_1_292' title='bbox 829 2070 914 2103; x_wconf 89' lang='lat' dir='ltr'>mihi</span> <span class='ocrx_word' id='word_1_293' title='bbox 935 2069 1084 2114; x_wconf 85' lang='lat' dir='ltr'>videtur,</span> <span class='ocrx_word' id='word_1_294' title='bbox 1104 2080 1209 2113; x_wconf 86' lang='lat' dir='ltr'>quam</span> <span class='ocrx_word' id='word_1_295' title='bbox 1225 2070 1386 2116; x_wconf 87' lang='lat' dir='ltr'>Sterrett,</span> <span class='ocrx_word' id='word_1_296' title='bbox 1404 2073 1465 2116; x_wconf 90' lang='lat' dir='ltr'>qui</span> <span class='ocrx_word' id='word_1_297' title='bbox 1479 2073 1685 2107; x_wconf 80' lang='lat' dir='ltr'>Aemoniam</span> 
     </span>
     <span class='ocr_line' id='line_1_32' title="bbox 195 2127 1684 2170; baseline 0.003 -10"><span class='ocrx_word' id='word_1_298' title='bbox 195 2127 354 2161; x_wconf 90' lang='lat' dir='ltr'>coniecit.</span> <span class='ocrx_word' id='word_1_299' title='bbox 395 2127 437 2160; x_wconf 89' lang='lat' dir='ltr'>cf.</span> <span class='ocrx_word' id='word_1_300' title='bbox 456 2127 592 2169; x_wconf 87' lang='lat' dir='ltr'>Papers</span> <span class='ocrx_word' id='word_1_301' title='bbox 617 2127 632 2160; x_wconf 95' lang='grc' dir='ltr'>Ι</span> <span class='ocrx_word' id='word_1_302' title='bbox 658 2138 690 2170; x_wconf 91' lang='lat' dir='ltr'>p.</span> <span class='ocrx_word' id='word_1_303' title='bbox 709 2130 762 2162; x_wconf 87' lang='lat'>31.</span> <span class='ocrx_word' id='word_1_304' title='bbox 802 2127 890 2161; x_wconf 86' lang='lat' dir='ltr'>Vide</span> <span class='ocrx_word' id='word_1_305' title='bbox 909 2127 1066 2161; x_wconf 86' lang='lat' dir='ltr'>tabulam</span> <span class='ocrx_word' id='word_1_306' title='bbox 1088 2127 1123 2160; x_wconf 89' lang='lat' dir='ltr'>in</span> <span class='ocrx_word' id='word_1_307' title='bbox 1141 2127 1292 2162; x_wconf 87' lang='lat' dir='ltr'>Journal</span> <span class='ocrx_word' id='word_1_308' title='bbox 1311 2129 1350 2163; x_wconf 83' lang='lat' dir='ltr'>of</span> <span class='ocrx_word' id='word_1_309' title='bbox 1363 2129 1524 2164; x_wconf 89' lang='lat' dir='ltr'>Hellenic</span> <span class='ocrx_word' id='word_1_310' title='bbox 1544 2129 1684 2164; x_wconf 88' lang='lat' dir='ltr'>Studies</span> 
     </span>
     <span class='ocr_line' id='line_1_33' title="bbox 192 2185 1685 2231; baseline 0.001 -12"><span class='ocrx_word' id='word_1_311' title='bbox 192 2185 276 2220; x_wconf 92' lang='lat' dir='ltr'>VIII</span> <span class='ocrx_word' id='word_1_312' title='bbox 299 2188 417 2228; x_wconf 87' lang='lat'>(1887)</span> <span class='ocrx_word' id='word_1_313' title='bbox 443 2197 475 2230; x_wconf 89' lang='lat' dir='ltr'>p.</span> <span class='ocrx_word' id='word_1_314' title='bbox 494 2188 557 2221; x_wconf 83' lang='lat'>461</span> <span class='ocrx_word' id='word_1_315' title='bbox 587 2191 621 2220; x_wconf 85' lang='lat' dir='ltr'>et</span> <span class='ocrx_word' id='word_1_316' title='bbox 647 2186 812 2231; x_wconf 84' lang='lat' dir='ltr'>Ramsay,</span> <span class='ocrx_word' id='word_1_317' title='bbox 838 2186 914 2220; x_wconf 79' lang='lat' dir='ltr'>The</span> <span class='ocrx_word' id='word_1_318' title='bbox 939 2186 1133 2221; x_wconf 86' lang='lat' dir='ltr'>Historical</span> <span class='ocrx_word' id='word_1_319' title='bbox 1159 2186 1372 2231; x_wconf 87' lang='lat' dir='ltr'>Geography</span> <span class='ocrx_word' id='word_1_320' title='bbox 1399 2186 1438 2221; x_wconf 83' lang='lat' dir='ltr'>of</span> <span class='ocrx_word' id='word_1_321' title='bbox 1456 2187 1545 2220; x_wconf 86' lang='lat' dir='ltr'>Asia</span> <span class='ocrx_word' id='word_1_322' title='bbox 1569 2186 1685 2220; x_wconf 89' lang='lat' dir='ltr'>Minor</span> 
     </span>
     <span class='ocr_line' id='line_1_34' title="bbox 192 2246 530 2286; baseline -0.003 -8"><span class='ocrx_word' id='word_1_323' title='bbox 192 2254 225 2286; x_wconf 89' lang='lat' dir='ltr'>p.</span> <span class='ocrx_word' id='word_1_324' title='bbox 248 2246 310 2278; x_wconf 89' lang='lat'>138</span> <span class='ocrx_word' id='word_1_325' title='bbox 336 2248 372 2277; x_wconf 88' lang='lat' dir='ltr'>et</span> <span class='ocrx_word' id='word_1_326' title='bbox 399 2246 462 2278; x_wconf 81' lang='grc'>149</span> <span class='ocrx_word' id='word_1_327' title='bbox 480 2254 530 2286; x_wconf 87' lang='lat' dir='ltr'>sq.</span> 
     </span>
    </p>

    <p class='ocr_par' dir='ltr' id='par_1_10' title="bbox 304 2299 1040 2344">
     <span class='ocr_line' id='line_1_35' title="bbox 304 2299 1040 2344; baseline -0.001 -10"><span class='ocrx_word' id='word_1_328' title='bbox 304 2301 331 2344; x_wconf 82' lang='grc'>6)</span> <span class='ocrx_word' id='word_1_329' title='bbox 358 2299 432 2334; x_wconf 88' lang='lat' dir='ltr'>CIL</span> <span class='ocrx_word' id='word_1_330' title='bbox 457 2300 506 2334; x_wconf 91' lang='lat' dir='ltr'>III</span> <span class='ocrx_word' id='word_1_331' title='bbox 534 2300 657 2344; x_wconf 86' lang='lat' dir='ltr'>Suppl.</span> <span class='ocrx_word' id='word_1_332' title='bbox 683 2301 772 2335; x_wconf 85' lang='lat'>7043</span> <span class='ocrx_word' id='word_1_333' title='bbox 797 2305 892 2344; x_wconf 86' lang='lat' dir='ltr'>(app.</span> <span class='ocrx_word' id='word_1_334' title='bbox 921 2311 951 2334; x_wconf 90' lang='lat' dir='ltr'>n.</span> <span class='ocrx_word' id='word_1_335' title='bbox 971 2303 1040 2341; x_wconf 84' lang='lat'>89).</span> 
     </span>
    </p>

    <p class='ocr_par' dir='ltr' id='par_1_11' title="bbox 193 2356 1681 2456">
     <span class='ocr_line' id='line_1_36' title="bbox 305 2356 1681 2400; baseline -0.001 -10"><span class='ocrx_word' id='word_1_336' title='bbox 305 2357 332 2400; x_wconf 75' lang='lat'>7)</span> <span class='ocrx_word' id='word_1_337' title='bbox 356 2356 505 2390; x_wconf 88' lang='lat' dir='ltr'>Journal</span> <span class='ocrx_word' id='word_1_338' title='bbox 533 2357 572 2390; x_wconf 91' lang='lat' dir='ltr'>of</span> <span class='ocrx_word' id='word_1_339' title='bbox 592 2356 684 2391; x_wconf 86' lang='lat' dir='ltr'>Hell.</span> <span class='ocrx_word' id='word_1_340' title='bbox 712 2356 855 2390; x_wconf 85' lang='lat' dir='ltr'>Studies</span> <span class='ocrx_word' id='word_1_341' title='bbox 880 2357 927 2390; x_wconf 93' lang='lat' dir='ltr'>IV</span> <span class='ocrx_word' id='word_1_342' title='bbox 954 2359 1072 2400; x_wconf 87' lang='lat'>(1883)</span> <span class='ocrx_word' id='word_1_343' title='bbox 1105 2367 1136 2400; x_wconf 92' lang='lat' dir='ltr'>p.</span> <span class='ocrx_word' id='word_1_344' title='bbox 1155 2359 1222 2390; x_wconf 75' lang='lat'>432</span> <span class='ocrx_word' id='word_1_345' title='bbox 1246 2367 1278 2390; x_wconf 91' lang='lat' dir='ltr'>n.</span> <span class='ocrx_word' id='word_1_346' title='bbox 1296 2360 1340 2390; x_wconf 82' lang='grc'>42</span> <span class='ocrx_word' id='word_1_347' title='bbox 1371 2359 1464 2400; x_wconf 87' lang='lat' dir='ltr'>(app.</span> <span class='ocrx_word' id='word_1_348' title='bbox 1492 2368 1523 2390; x_wconf 93' lang='lat' dir='ltr'>n.</span> <span class='ocrx_word' id='word_1_349' title='bbox 1542 2359 1596 2400; x_wconf 77' lang='lat'>90)</span> <span class='ocrx_word' id='word_1_350' title='bbox 1630 2367 1681 2389; x_wconf 78' lang='lat' dir='ltr'>re-</span> 
     </span>
     <span class='ocr_line' id='line_1_37' title="bbox 193 2412 1351 2456; baseline 0 -10"><span class='ocrx_word' id='word_1_351' title='bbox 193 2416 314 2456; x_wconf 88' lang='lat' dir='ltr'>pertus</span> <span class='ocrx_word' id='word_1_352' title='bbox 339 2413 375 2446; x_wconf 91' lang='lat' dir='ltr'>in</span> <span class='ocrx_word' id='word_1_353' title='bbox 402 2413 476 2446; x_wconf 86' lang='lat' dir='ltr'>vico</span> <span class='ocrx_word' id='word_1_354' title='bbox 502 2412 607 2447; x_wconf 87' lang='lat' dir='ltr'>hodie</span> <span class='ocrx_word' id='word_1_355' title='bbox 634 2413 812 2447; x_wconf 87' lang='lat' dir='ltr'>nominato</span> <span class='ocrx_word' id='word_1_356' title='bbox 839 2413 926 2447; x_wconf 85' lang='lat' dir='ltr'>Ineh</span> <span class='ocrx_word' id='word_1_357' title='bbox 951 2413 986 2448; x_wconf 89' lang='lat' dir='ltr'>in</span> <span class='ocrx_word' id='word_1_358' title='bbox 1012 2412 1169 2456; x_wconf 84' lang='lat' dir='ltr'>Phrygia</span> <span class='ocrx_word' id='word_1_359' title='bbox 1194 2413 1351 2455; x_wconf 84' lang='lat' dir='ltr'>antiqua.</span> 
     </span>
    </p>

    <p class='ocr_par' dir='ltr' id='par_1_12' title="bbox 193 2469 1682 2571">
     <span class='ocr_line' id='line_1_38' title="bbox 306 2469 1682 2514; baseline -0.001 -11"><span class='ocrx_word' id='word_1_360' title='bbox 306 2469 335 2512; x_wconf 81' lang='lat'>⁸)</span> <span class='ocrx_word' id='word_1_361' title='bbox 363 2469 524 2513; x_wconf 87' lang='lat' dir='ltr'>Sterrett,</span> <span class='ocrx_word' id='word_1_362' title='bbox 550 2479 594 2503; x_wconf 87' lang='lat' dir='ltr'>an</span> <span class='ocrx_word' id='word_1_363' title='bbox 619 2470 730 2513; x_wconf 83' lang='lat' dir='ltr'>epigr.</span> <span class='ocrx_word' id='word_1_364' title='bbox 749 2470 909 2514; x_wconf 77' lang='lat' dir='ltr'>Journey</span> <span class='ocrx_word' id='word_1_365' title='bbox 926 2470 957 2503; x_wconf 93' lang='lat'>11</span> <span class='ocrx_word' id='word_1_366' title='bbox 985 2481 1017 2513; x_wconf 88' lang='lat' dir='ltr'>p.</span> <span class='ocrx_word' id='word_1_367' title='bbox 1036 2471 1078 2504; x_wconf 87' lang='lat'>37</span> <span class='ocrx_word' id='word_1_368' title='bbox 1105 2480 1137 2502; x_wconf 91' lang='lat' dir='ltr'>n.</span> <span class='ocrx_word' id='word_1_369' title='bbox 1154 2472 1198 2503; x_wconf 72' lang='lat'>30</span> <span class='ocrx_word' id='word_1_370' title='bbox 1223 2472 1318 2512; x_wconf 86' lang='lat' dir='ltr'>(app.</span> <span class='ocrx_word' id='word_1_371' title='bbox 1349 2472 1466 2511; x_wconf 53' lang='lat'>1182).</span> <span class='ocrx_word' id='word_1_372' title='bbox 1512 2469 1682 2503; x_wconf 78' lang='lat' dir='ltr'>Usnt&#39;tcha</span> 
     </span>
     <span class='ocr_line' id='line_1_39' title="bbox 193 2527 1181 2571; baseline -0.002 -10"><span class='ocrx_word' id='word_1_373' title='bbox 193 2527 300 2561; x_wconf 87' lang='lat' dir='ltr'>situm</span> <span class='ocrx_word' id='word_1_374' title='bbox 326 2532 390 2571; x_wconf 86' lang='lat' dir='ltr'>est,</span> <span class='ocrx_word' id='word_1_375' title='bbox 415 2527 475 2561; x_wconf 90' lang='lat' dir='ltr'>ubi</span> <span class='ocrx_word' id='word_1_376' title='bbox 500 2527 574 2561; x_wconf 75' lang='lat' dir='ltr'>fere</span> <span class='ocrx_word' id='word_1_377' title='bbox 601 2528 751 2570; x_wconf 83' lang='lat' dir='ltr'>antiqua</span> <span class='ocrx_word' id='word_1_378' title='bbox 776 2528 860 2562; x_wconf 83' lang='lat' dir='ltr'>urbs</span> <span class='ocrx_word' id='word_1_379' title='bbox 886 2527 1181 2562; x_wconf 79' lang='lat' dir='ltr'>Thernissonium.</span> 
     </span>
    </p>

    <p class='ocr_par' dir='ltr' id='par_1_13' title="bbox 192 2582 1680 2684">
     <span class='ocr_line' id='line_1_40' title="bbox 305 2582 1680 2628; baseline -0.002 -11"><span class='ocrx_word' id='word_1_380' title='bbox 305 2584 334 2625; x_wconf 80' lang='lat'>⁹)</span> <span class='ocrx_word' id='word_1_381' title='bbox 361 2585 455 2628; x_wconf 87' lang='lat' dir='ltr'>App.</span> <span class='ocrx_word' id='word_1_382' title='bbox 480 2584 560 2619; x_wconf 89' lang='lat' dir='ltr'>bell.</span> <span class='ocrx_word' id='word_1_383' title='bbox 587 2584 742 2619; x_wconf 87' lang='lat' dir='ltr'>mithrid.</span> <span class='ocrx_word' id='word_1_384' title='bbox 769 2585 822 2620; x_wconf 86' lang='lat'>71.</span> <span class='ocrx_word' id='word_1_385' title='bbox 881 2585 983 2618; x_wconf 84' lang='lat' dir='ltr'>Cives</span> <span class='ocrx_word' id='word_1_386' title='bbox 1008 2583 1155 2618; x_wconf 86' lang='lat' dir='ltr'>Romani</span> <span class='ocrx_word' id='word_1_387' title='bbox 1191 2582 1345 2616; x_wconf 81' lang='lat' dir='ltr'>Nicaeae</span> <span class='ocrx_word' id='word_1_388' title='bbox 1382 2582 1569 2625; x_wconf 77' lang='lat' dir='ltr'>Bithyniae</span> <span class='ocrx_word' id='word_1_389' title='bbox 1601 2592 1680 2614; x_wconf 87' lang='lat' dir='ltr'>con-</span> 
     </span>
     <span class='ocr_line' id='line_1_41' title="bbox 192 2641 892 2684; baseline 0.001 -9"><span class='ocrx_word' id='word_1_390' title='bbox 192 2641 359 2675; x_wconf 88' lang='lat' dir='ltr'>sistentes</span> <span class='ocrx_word' id='word_1_391' title='bbox 385 2641 480 2684; x_wconf 84' lang='lat' dir='ltr'>apud</span> <span class='ocrx_word' id='word_1_392' title='bbox 506 2641 609 2676; x_wconf 86' lang='lat' dir='ltr'>Dion.</span> <span class='ocrx_word' id='word_1_393' title='bbox 635 2641 731 2676; x_wconf 80' lang='lat' dir='ltr'>Cass.</span> <span class='ocrx_word' id='word_1_394' title='bbox 760 2645 813 2676; x_wconf 85' lang='lat'>51.</span> <span class='ocrx_word' id='word_1_395' title='bbox 840 2644 892 2676; x_wconf 91' lang='grc'>20.</span> 
     </span>
    </p>

    <p class='ocr_par' dir='ltr' id='par_1_14' title="bbox 291 2698 1068 2743">
     <span class='ocr_line' id='line_1_42' title="bbox 291 2698 1068 2743; baseline -0.001 -10"><span class='ocrx_word' id='word_1_396' title='bbox 291 2700 334 2743; x_wconf 85' lang='lat'>¹0)</span> <span class='ocrx_word' id='word_1_397' title='bbox 361 2699 451 2733; x_wconf 88' lang='lat' dir='ltr'>Hirt.</span> <span class='ocrx_word' id='word_1_398' title='bbox 479 2698 556 2732; x_wconf 77' lang='lat' dir='ltr'>bell.</span> <span class='ocrx_word' id='word_1_399' title='bbox 584 2699 775 2733; x_wconf 77' lang='lat' dir='ltr'>Alexandr.</span> <span class='ocrx_word' id='word_1_400' title='bbox 802 2702 862 2742; x_wconf 76' lang='lat'>413</span> <span class='ocrx_word' id='word_1_401' title='bbox 890 2700 942 2733; x_wconf 74' lang='lat'>70.</span> <span class='ocrx_word' id='word_1_402' title='bbox 970 2700 1068 2733; x_wconf 74' lang='lat'>5—7.</span> 
     </span>
    </p>
   </div>
   <div class='ocr_carea' id='block_1_5' title="bbox 1364 2754 1406 2786">
    <p class='ocr_par' dir='ltr' id='par_1_15' title="bbox 1364 2754 1406 2786">
     <span class='ocr_line' id='line_1_43' title="bbox 1364 2754 1406 2786; baseline 0 0"><span class='ocrx_word' id='word_1_403' title='bbox 1364 2754 1406 2786; x_wconf 57' lang='lat'>51³-</span> 
     </span>
    </p>
   </div>
  </div>
 </body>
</html>
