1928 2884
807 119 1085 159 —26-

203 246 283 285 Sed
313 246 366 284 ob
395 245 438 283 id
468 244 598 294 ipsum
637 251 773 283 nostra
809 243 979 282 maxime
1016 242 1175 282 interest
1215 255 1280 282 eas
1319 255 1578 293 cognoscere,
1611 242 1703 293 quia

200 315 429 364 negotiator,
460 321 528 352 aut
559 319 766 359 mercator,
799 319 866 350 aut
888 323 1140 361 quocumque
1160 312 1284 350 modo
1306 311 1403 350 civis
1425 313 1632 350 Romanus
1661 311 1702 350 in

200 383 260 421 his
291 381 515 433 regionibus
546 388 751 430 quaestum
780 379 962 429 faciebat,
994 379 1143 429 primus
1172 380 1320 418 cultum
1342 379 1704 429 humanitatemque

200 450 284 489 illas
315 451 353 488 in
391 458 510 489 terras
547 449 691 496 intulit,
731 448 914 487 omnibus
957 449 1034 486 fere
1075 447 1115 486 in
1155 447 1252 486 locis
1293 448 1509 497 primordia
1546 448 1702 487 urbium

201 519 381 558 condidit
411 518 660 567 maximeque
690 517 814 556 victas
843 524 978 568 gentes
1011 529 1101 555 cum
1133 516 1348 556 victoribus
1383 517 1598 556 coniunxit.

200 685 287 719 mos,
313 675 375 718 qui
403 676 445 709 de
471 674 542 709 illis
561 673 781 718 temporibus
800 672 1031 717 scripserunt,
1058 682 1194 707 summa
1212 672 1454 707 controversia
1471 677 1535 707 est.
1577 672 1608 707 E
1627 673 1703 717 qui-

200 733 265 767 bus
297 743 388 767 unus
420 731 573 776 (Wilda,
606 731 855 765 Gildenwesen
886 730 934 764 im
965 730 1178 764 Mittelalter
1210 741 1243 773 p.
1274 732 1338 765 152
1354 740 1448 774 sqq.,
1480 741 1513 774 p.
1534 731 1599 766 170
1616 741 1704 775 sqq.,

200 802 233 834 p.
251 791 446 833 229-288)
471 789 684 823 sententiam
713 788 880 832 protulit,
912 797 984 831 qua
1016 786 1260 821 demonstrare
1295 786 1463 821 studebat
1494 787 1704 831 plerumque

199 847 301 881 initio
327 847 534 882 societatem
558 845 741 880 hominum
767 844 891 879 eodem
916 845 993 879 loco
1018 844 1258 878 habitantium
1283 843 1432 888 factam,
1465 844 1548 879 inde
1581 845 1704 879 urbem

200 904 315 948 ipsam
341 914 419 938 esse
444 908 576 937 natam.
618 902 698 937 Etsi
722 902 813 937 haec
839 902 1018 936 sententia
1042 901 1094 936 ita
1120 906 1216 936 stare
1234 911 1303 935 non
1321 906 1440 945 potest
1457 901 1551 945 (vide
1570 901 1703 936 Gierke

200 961 221 995 l.
247 961 269 994 1.
295 971 328 1004 p.
346 963 413 995 264
439 964 474 994 et
499 960 579 994 adn.
596 960 665 1003 42),
690 963 809 993 tamen
833 959 938 993 multi
962 959 1030 992 viri
1055 958 1150 993 docti
1175 969 1245 993 non
1271 962 1504 1002 negaverunt,
1530 962 1704 1002 quantum

200 1022 415 1052 mercatores
442 1017 623 1060 ceterique
649 1017 811 1051 homines
837 1021 1026 1060 quaestum
1052 1016 1242 1060 facientes,
1275 1015 1337 1059 qui
1362 1015 1434 1049 iam
1456 1015 1539 1050 inde
1571 1025 1592 1049 a
1616 1019 1703 1050 tem-

200 1073 346 1117 poribus
372 1072 490 1107 Caroli
515 1072 640 1115 Magni
666 1072 773 1106 variis
799 1072 997 1116 privilegiis
1024 1082 1066 1106 ac
1093 1071 1286 1106 commodis
1311 1072 1534 1116 fruebantur,
1565 1082 1703 1106 eorum-

201 1140 270 1173 que
297 1129 486 1163 societates
512 1128 548 1162 in
573 1129 720 1163 urbibus
747 1129 941 1163 condendis
967 1129 1175 1164 valuissent.
1233 1129 1383 1165 Nitzsch
1411 1130 1554 1173 quidem
1579 1129 1704 1173 (n'iber

200 1185 498 1220 niederdeutsche
511 1186 877 1230 Kaufmannsgilden«
896 1186 1114 1221 Monatsber.
1131 1187 1162 1221 d.
1177 1187 1274 1222 Berl.
1288 1187 1406 1222 Akad.
1423 1187 1511 1222 1879
1524 1197 1558 1231 p.
1573 1189 1703 1231 4-283

200 1242 246 1276 ib.
269 1245 355 1278 1880
380 1254 413 1286 p.
431 1244 626 1288 370—403)
652 1244 827 1288 imprimis
851 1244 887 1278 in
907 1244 1064 1278 Saxonia
1081 1244 1178 1278 velut
1200 1244 1236 1278 in
1254 1244 1402 1279 urbibus
1421 1244 1519 1288 Coln,
1537 1243 1703 1288 ,StendaL

202 1299 407 1343 Groningen
433 1304 498 1335 cet.
530 1300 567 1335 id
599 1301 693 1344 quod
728 1301 805 1345 ipse
838 1301 926 1335 dicit
960 1302 1057 1335 »eine
1090 1301 1320 1335 allmc'ihlz'clze
1345 1301 1607 1346 Enth'ckluny
1637 1300 1704 1335 der

200 1357 326 1390 Stadt-
358 1369 428 1391 aus
460 1357 526 1391 der
554 1357 908 1402 Gildeverfassuny«
942 1358 976 1399 (l.
1002 1357 1023 1391 l.
1054 1360 1298 1402 18801>.403)
1331 1359 1441 1393 statui
1473 1368 1578 1402 posse
1610 1356 1703 1392 iudi-

201 1413 304 1447 cavit.
345 1413 478 1448 Gierke
497 1419 616 1449 autem
641 1415 676 1458 (l.
695 1415 716 1449 1.
741 1415 758 1448 I
783 1427 816 1459 p.
835 1418 902 1450 243
929 1419 965 1449 et
987 1414 1067 1449 adn.
1086 1418 1148 1459 233
1174 1426 1207 1459 p.
1228 1418 1423 1459 264—268)
1446 1415 1536 1449 haec
1552 1414 1706 1448 maxime

202 1475 304 1505 extra
323 1471 551 1505 Germaniam
576 1472 770 1516 praecipue
796 1472 833 1506 in
850 1472 1040 1506 Britannia
1058 1472 1280 1507 observanda
1307 1472 1447 1507 censuit
1471 1476 1579 1516 atque
1598 1471 1705 1506 etiam

199 1528 323 1562 Inama
355 1529 531 1573 Sternegg
564 1529 758 1573 (Deutsche
785 1529 1142 1573 Wirtsehaftsgeseh.
1175 1530 1209 1563 11
1242 1541 1274 1574 p.
1294 1532 1340 1565 96
1365 1531 1456 1574 sqq.)
1488 1533 1704 1564 mercatores

201 1596 392 1629 eorumque
420 1587 499 1621 iura
525 1597 566 1620 ac
592 1586 784 1622 societates
811 1586 855 1621 ad
888 1587 993 1621 urbes
1027 1587 1295 1622 constituendas
1328 1587 1479 1621 multum
1510 1585 1704 1620 contulisse

201 1643 375 1686 exposuit.
431 1643 500 1678 Sed
538 1644 617 1678 vide
656 1644 780 1689 etiam,
819 1654 909 1688 quae
948 1648 1072 1678 contra
1108 1645 1201 1679 hanc
1240 1645 1455 1680 sententiam
1491 1644 1535 1678 de
1572 1643 1703 1688 Below,

202 1699 391 1743 Gettinger
417 1700 482 1743 gel.
509 1702 597 1734 Anz.
619 1704 702 1736 1891
732 1712 764 1735 n.
786 1704 827 1736 19
852 1712 885 1745 p.
905 1702 1084 1737 762-771
1114 1706 1148 1736 et
1170 1702 1284 1745 Hegel
1315 1703 1352 1736 in
1383 1701 1474 1735 libro
1499 1700 1704 1744 nuperrime

201 1756 314 1801 edito,
356 1757 480 1791 Stadte
517 1757 590 1791 und
629 1757 758 1793 Gilden
796 1758 844 1792 im
875 1758 1107 1803 Mittelalter,
1146 1759 1354 1804 disputant).
1405 1758 1547 1802 Optime
1585 1762 1704 1792 autem

201 1814 355 1849 conferri
381 1820 532 1859 possunt
557 1826 636 1850 cum
661 1816 733 1851 illis
759 1816 924 1861 urbibus,
961 1827 1053 1860 quae
1079 1817 1115 1851 in
1139 1817 1290 1861 imperio
1321 1816 1482 1851 Romano
1517 1825 1562 1849 ex
1593 1815 1704 1850 socie-

199 1871 333 1906 tatibus
364 1872 494 1906 civium
525 1872 766 1908 Romanorum
798 1878 896 1908 ortae
930 1878 1028 1918 sunt,
1062 1885 1125 1908 eae
1159 1884 1301 1918 quoque
1329 1873 1589 1908 Germanorum
1619 1872 1704 1907 civi-

198 1934 308 1974 tates,
348 1940 439 1973 quae
470 1929 604 1965 fiebant
635 1941 652 1965 e
688 1935 926 1966 mercatorum
959 1931 1055 1976 apud
1088 1936 1230 1967 exteros
1267 1931 1414 1975 »gildis«
1447 1931 1504 1966 vel
1536 1930 1702 1966 »hansis«

198 1986 269 2021 iam
295 1997 404 2032 supra
427 1989 474 2031 (p.
502 1990 543 2022 14
567 1986 647 2021 adn.
673 1989 706 2032 3)
738 1988 1032 2022 commemoratis.
1083 1988 1137 2022 De
1170 1988 1227 2023 his
1261 1987 1394 2022 Gierke
1417 1987 1491 2032 (1.1.
1517 1987 1535 2021 I
1558 1998 1592 2031 p.
1609 1989 1702 2031 355),

199 2044 365 2088 quoniam
391 2044 434 2079 de
460 2044 631 2078 societate
664 2054 859 2088 permagna
892 2049 1131 2079 mercatorum
1157 2044 1418 2079 Germanorum
1442 2044 1480 2078 in
1510 2043 1598 2078 urbe
1629 2043 1702 2088 illa,

199 2111 290 2144 quae
322 2100 453 2135 dicitur
485 2101 704 2146 Nowgorod,
744 2102 1016 2137 consistentium
1050 2103 1140 2147 egit,
1178 2103 1230 2137 ita
1263 2102 1427 2137 disserit:
1485 2103 1552 2138 »So
1588 2103 1703 2138 stand

199 2159 296 2192 diese
343 2158 650 2203 Genossensclzaft
696 2159 885 2193 deutscher
929 2160 1137 2204 Kaufleute
1173 2161 1213 2194 in
1249 2159 1467 2205 N0u¹yor0d
1504 2159 1702 2206 yleichsam

198 2217 237 2249 in
269 2215 334 2249 der
365 2216 473 2250 Mitte.
504 2216 679 2251 :wischen
713 2217 812 2250 einer
843 2217 1119 2262 Handelsyz'lde
1155 2217 1236 2251 und
1273 2218 1372 2250 einer
1403 2217 1703 2263 Stadtyemeinde

198 2272 278 2306 und
302 2273 430 2306 warde
460 2274 509 2306 im
543 2274 671 2317 Lause
703 2274 769 2307 cler
802 2273 886 2308 Zeit
916 2274 1017 2308 mehr
1048 2274 1128 2308 und
1159 2275 1260 2308 mehr
1292 2275 1370 2308 eine
1400 2274 1582 2308 wirklz'che
1608 2275 1702 2318 freie

198 2329 309 2363 Staclt
333 2331 413 2364 und
439 2331 579 2364 endlzch
605 2332 663 2364 ein
690 2332 805 2375 freier
830 2331 940 2364 Staat
957 2357 964 2370 ‚
997 2332 1075 2364 eine
1107 2331 1284 2365 bliikende
1316 2331 1396 2364 und
1425 2331 1602 2376 mc'ichtiye
1626 2331 1700 2365 Re-

193 2387 332 2431 publik
393 2387 515 2421 Glez'ch
547 2388 605 2421 ihr
640 2388 712 2434 9αό
751 2400 802 2427 es,
844 2400 950 2421 wenn
986 2388 1077 2421 auch
1118 2388 1158 2420 in
1194 2387 1376 2421 kleineren
1417 2387 1699 2426 Verhdltnissen,

197 2444 349 2478 manche
374 2445 514 2478 andere
532 2445 1007 2490 Handelsniederlassungr,
1033 2457 1103 2479 von
1129 2445 1196 2478 der
1222 2456 1257 2478 es
1282 2445 1395 2478 taum
1419 2455 1465 2477 zu
1492 2443 1700 2477 bestimmen

198 2501 254 2539 ist,
281 2501 322 2534 ob
348 2502 399 2534 sie
420 2502 529 2536 Gilda
554 2502 643 2536 oder
664 2501 863 2536 Gemez'nde
891 2513 983 2541 war,
1009 2502 1098 2535 oder
1123 2501 1182 2535 die
1206 2502 1273 2535 mit
1296 2501 1363 2534 der
1380 2500 1464 2534 Zeic
1488 2500 1604 2534 dieses
1628 2511 1700 2534 aus

191 2558 298 2601 jener
322 2558 479 2593 romula«
