1928 2884
807 147 1084 186 -34-

196 274 268 310 hos
300 279 515 310 conventus
542 270 687 320 primos
710 271 761 309 ad
785 278 911 309 castra
941 271 1020 309 iam
1042 270 1198 309 ineunte
1222 270 1439 321 principatu
1462 271 1695 310 constitutos

197 349 314 390 atque
344 340 430 378 illos
461 353 616 387 ornnes,
651 340 701 378 de
731 340 872 390 quibus
904 341 941 377 in
974 340 1166 389 prioribus
1205 340 1381 390 partibus
1419 340 1694 390 quaesivimus,

198 417 333 447 nostra
363 408 558 447 sententia
588 416 655 449 est.

310 480 394 515 Iam
426 489 517 516 vero
549 485 772 524 veteranos,
813 489 921 522 cum,
960 484 1002 514 ut
1033 490 1155 528 prope
1186 486 1314 516 castra
1344 478 1544 516 domicilia
1575 479 1698 517 collo-

201 554 345 589 carent,
388 559 474 584 mos
515 547 622 584 fieret
663 546 767 584 exitu
806 545 920 596 primi
961 546 1104 584 saeculi
1145 560 1180 596 p.
1216 547 1307 587 Chr.
1323 545 1371 596 ¹),
1412 547 1452 584 in
1491 545 1698 585 societates

199 615 342 653 civium
373 616 658 661 Romanorum,
692 615 758 664 qui
790 622 899 653 extra
930 623 1144 653 castrorum
1178 628 1309 653 muros
1347 615 1424 654 iam
1456 616 1697 665 habitabant,

197 691 420 733 assumptos
451 696 546 729 esse,
579 683 666 732 quis
698 691 766 729 est,
801 683 862 721 cui
895 683 1039 721 mirum
1070 682 1272 722 videatur?
1324 688 1384 722 Ac
1414 684 1515 722 illius
1539 683 1697 734 quidem

197 752 334 791 aetatis
364 764 447 790 esse
476 753 639 790 alterum
671 752 847 797 titulum,
887 765 910 789 a
941 764 1020 801 quo
1052 753 1215 801 profecti
1253 764 1407 793 sumus.
1450 752 1697 791 manifestum

199 829 266 859 est.
329 820 498 858 Celerius
528 829 677 867 autem,
710 833 828 870 quam
862 820 1026 867 civium,
1066 834 1250 859 numerus
1282 828 1555 859 veteranorum
1585 832 1700 871 auge-

199 892 323 935 batur,
356 897 397 927 ut
426 889 533 928 brevi
564 890 651 928 illos
684 890 937 928 multitudine
968 899 1193 940 superarent
1226 902 1315 928 cum
1354 890 1393 927 in
1426 889 1581 939 ceteris,
1613 896 1695 928 turn

200 956 239 994 in
269 957 342 995 illis
374 957 621 1007 potissimum
654 958 790 996 castris
812 959 864 996 ad
888 958 1112 998 Danuvium
1144 959 1216 996 sub
1238 957 1379 996 Flaviis
1402 957 1698 1007 imperatoribus

201 1034 267 1063 aut
298 1027 370 1065 sub
402 1027 574 1065 Traiano
606 1026 761 1077 positis,
801 1027 868 1065 ubi
901 1027 1006 1065 cives
1038 1039 1118 1064 non
1149 1034 1228 1064 tam
1261 1028 1481 1075 frequentes
1514 1026 1700 1064 consiste-

201 1095 315 1141 bant,
348 1108 466 1144 quam
500 1096 537 1133 in
569 1096 665 1133 locis
707 1096 756 1133 ad
790 1097 975 1134 Rhenum
1015 1095 1109 1134 sitis.
1173 1096 1274 1133 Nam
1314 1095 1378 1133 hic
1419 1095 1583 1133 finitima
1621 1101 1702 1133 erat

203 1163 330 1201 Gallia
367 1163 547 1214 Belgica,
587 1164 788 1213 provincia
827 1167 1032 1205 Romana,
1080 1175 1160 1213 quo
1197 1176 1265 1213 per
1305 1162 1588 1213 quinquaginta
1625 1162 1702 1201 fere

201 1243 326 1269 annos
357 1231 433 1269 iarn
456 1239 691 1270 mercatores
713 1232 884 1270 Romani
907 1233 1199 1281 commeabant,
1231 1233 1414 1281 undeque
1434 1231 1512 1269 iam
1533 1239 1701 1269 exeunte

202 1300 328 1349 primo
366 1302 520 1339 saeculo
557 1314 591 1340 a.
632 1301 723 1340 Chr.
765 1314 802 1341 n.
843 1301 881 1338 in
921 1301 1173 1339 Germaniam
1216 1313 1331 1350 saepe
1377 1311 1467 1338 cum
1510 1299 1701 1338 mercibus

203 1369 281 1407 suis
312 1367 576 1419 veniebant2).
628 1372 673 1408 In
704 1369 762 1408 his
792 1370 908 1420 igitur
939 1369 1174 1420 regionibus,
1208 1369 1274 1407 ubi
1305 1368 1383 1407 iam
1405 1368 1557 1419 pridem
1588 1381 1698 1407 com-

204 1437 390 1475 mercium
415 1440 685 1476 Romanorum
717 1439 896 1484 florebat,
931 1438 1044 1488 primi
1076 1446 1292 1477 conventus
1322 1438 1374 1476 ad
1406 1446 1532 1476 castra
1560 1437 1701 1477 stativa

204 1508 479 1546 condebantur
526 1506 673 1560 »louya
707 1506 886 1561 ρασεα3)
929 1508 1041 1558 primi
1084 1507 1228 1546 saeculi
1267 1521 1302 1544 a.
1334 1507 1425 1545 Chr.
1458 1519 1481 1544 a
1512 1514 1703 1545 mercato-

205 1575 310 1614 ribus
348 1576 521 1626 lixisque.
593 1577 746 1616 Ibidem
789 1585 918 1616 autem
966 1578 1103 1615 horum
1151 1588 1335 1614 numerus
1382 1588 1534 1625 semper
1580 1575 1705 1613 maior

206 1644 322 1682 fuisse
352 1657 478 1695 neque
509 1658 682 1695 unquam
715 1645 886 1684 veterani
917 1645 1084 1694 primum
1116 1646 1246 1682 locum
1270 1643 1501 1682 auctoritate
1531 1644 1701 1682 tenuisse

206 1712 443 1762 videntur4),
477 1722 517 1752 ut
548 1714 586 1752 in
618 1714 753 1752 ceteris
784 1713 926 1751 finibus
958 1712 1119 1762 imperii,
1151 1712 1236 1761 ubi,
1270 1712 1361 1761 quia
1391 1711 1579 1761 plurimae
1611 1724 1705 1750 con-

205 1782 449 1833 gregationes
480 1783 532 1822 ibi
565 1782 907 1822 constituebantur
937 1795 983 1820 eo
1014 1789 1215 1831 tempore,
1256 1793 1345 1818 cum
1390 1781 1561 1818 veterani
1600 1787 1706 1818 extra

207 1860 334 1890 castra
363 1852 563 1890 domicilia
595 1851 671 1889 iam
704 1853 897 1889 collocare
928 1852 1117 1891 solebant,
1150 1858 1188 1887 et
1218 1862 1381 1887 numero
1412 1857 1449 1888 et
1479 1848 1707 1887 auctoritate

207 1921 312 1959 brevi
345 1921 462 1968 cives,
496 1928 536 1959 ut
569 1922 686 1970 paulo
718 1928 831 1959 antea
864 1919 1015 1958 dictum
1047 1926 1115 1965 est,
1148 1916 1441 1968 superabant5).

325 2125 350 2167 ¹)
376 2123 460 2157 Tac.
486 2123 577 2157 Ann.
604 2122 687 2156 XIV
714 2124 768 2157 27.

322 2181 350 2225 2)
376 2180 443 2214 Dio
469 2179 567 2214 Cass.
593 2182 646 2214 53.
672 2182 716 2214 26
743 2178 848 2223 (Vell.
876 2178 952 2213 Pat.
979 2179 1011 2212 II
1040 2182 1137 2222 104);
1163 2182 1216 2213 54.
1242 2180 1295 2212 20.

323 2238 352 2281 3)
377 2237 461 2271 Tac.
486 2236 578 2271 Hist.
604 2236 653 2270 IV
677 2239 733 2271 22.

322 2295 351 2339 4)
376 2293 679 2337 Mogontiacensis
714 2292 867 2327 societas
901 2303 1014 2336 usque
1050 2292 1094 2325 ad
1131 2291 1275 2326 tertium
1309 2290 1489 2325 saeculum
1523 2290 1559 2324 in
1593 2290 1707 2325 titulis

210 2352 412 2388 nominatur
439 2353 551 2385 »cives
568 2351 737 2385 Romani
755 2350 1005 2395 Mogontiaci«
1027 2348 1202 2382 veteranis
1227 2358 1296 2382 non
1316 2347 1477 2391 adiectis,
1503 2352 1706 2382 veteranus-

210 2420 279 2453 que
305 2409 467 2452 singulus
493 2408 626 2442 dieitur
654 2406 837 2441 »adlectus
862 2408 901 2440 in
926 2406 1092 2440 ordinem
1121 2406 1253 2439 civium
1273 2405 1533 2439 Romanorum
1551 2404 1706 2450 Moyon-

210 2468 317 2501 tiacz'«
345 2466 448 2501 CIRh
480 2466 564 2500 1067
592 2474 687 2508 (app.
714 2475 747 2498 n.
768 2466 856 2507 120).

325 2526 351 2570 5)
377 2523 430 2558 Ibi
462 2524 551 2557 haec
583 2521 734 2556 formula
767 2521 918 2554 maxime
952 2520 1086 2554 usitata
1118 2524 1189 2554 est:
1231 2520 1414 2553 »veterani
1445 2524 1476 2552 ec
1509 2519 1600 2552 cives
1629 2517 1706 2552 Ro-

210 2583 316 2616 mani
340 2582 569 2616 consistentes
593 2585 679 2614 cet.«
715 2589 820 2622 quam
846 2577 1033 2612 formulam
1066 2582 1161 2611 recte
1195 2577 1383 2621 explicavit
1408 2575 1605 2610 Mommsen
1637 2575 1658 2609 l.
1684 2575 1706 2610 l.

210 2651 243 2684 p.
262 2642 329 2674 314
347 2650 398 2682 sq.

1903 458 1928 754 f-ibssvp-b'ssQ—s‘ss'*
1906 427 1907 433 ⁴
