1928 2884
828 85 1110 124 -30—

217 212 300 249 sula
340 209 551 248 constituta
593 215 685 247 erat.
762 210 867 246 Nam
907 207 1000 246 huic
1037 207 1249 257 praepositi
1289 214 1399 246 erant
1437 221 1506 247 sex
1547 207 1721 260 magistri

216 278 398 317 Mercurii
432 277 587 328 (graece
618 275 653 314 οξ
691 271 929 328 Ἐομαϊσταὶ
966 274 1196 325 nominati),
1240 277 1306 325 qui
1349 276 1515 315 instituti
1554 289 1638 315 esse
1668 277 1722 314 vi-

217 348 357 385 dentur
388 346 604 384 secundum
635 346 816 394 exempla
846 343 1100 394 collegiorum
1131 344 1309 391 illorum,
1351 356 1452 394 quae
1483 351 1720 383 mercatores

216 429 261 454 ex
295 416 471 462 Oriente,
513 414 719 464 praecipue
757 426 803 451 ex
836 412 947 462 Syria
986 413 1128 450 eodem
1165 413 1204 449 in
1245 412 1422 463 emporio
1463 412 1721 451 consistentes

216 484 423 522 habebant.
477 485 589 521 Haec
619 482 723 520 enim
756 481 889 519 omnia
920 481 1033 518 simul
1063 482 1115 518 ad
1147 482 1296 519 cultum
1319 481 1483 519 deorum
1505 480 1719 530 patriorum

217 554 460 603 spectabant,
503 553 610 601 quod
642 552 681 589 in
713 563 822 588 sacra
852 551 998 596 insula,
1039 557 1081 587 ut
1112 550 1233 588 Delos
1265 557 1423 599 propter
1454 550 1593 588 aedem
1627 550 1721 588 cele-

216 621 424 659 berrimam
456 620 652 669 Apollinis
684 619 972 669 appellabatur,
1006 617 1149 655 mirum
1182 617 1304 656 videri
1335 631 1416 656 non
1448 625 1591 667 potest.
1644 618 1721 656 Sed

216 690 318 726 hanc
350 688 495 726 civium
528 691 800 726 Romanorum
835 686 1065 725 societatem
1102 686 1324 724 accuratius
1364 686 1719 733 considerabimus,

217 769 307 795 cum
339 757 377 794 in
408 756 589 806 proximo
621 755 770 806 capite,
813 755 1019 805 quomodo
1051 755 1117 792 illa
1148 763 1233 793 orta
1270 755 1318 793 sit
1348 762 1466 805 atque
1497 755 1720 802 effloruerit,

216 825 519 864 tractaverimus.

332 895 457 943 Supra
486 892 782 943 perstrinximus
812 893 852 930 in
875 892 1095 931 Occidente
1126 891 1451 943 congregationes
1474 891 1619 929 civium
1641 894 1719 930 Ro-

218 973 423 1000 manorum
454 961 642 1012 paulatim
675 961 841 999 crevisse
872 968 989 1010 atque
1020 974 1066 998 ex
1105 960 1151 998 iis
1184 961 1296 998 vicos
1327 967 1529 1009 postremo
1560 961 1620 998 vel
1651 973 1717 1010 op-

217 1031 310 1080 pida
341 1031 486 1068 civium
508 1032 784 1068 Romanorum
815 1037 899 1067 orta
929 1041 1024 1067 esse.
1087 1030 1132 1066 In
1164 1028 1221 1066 his
1253 1029 1368 1078 igitur
1399 1028 1610 1077 provinciis
1640 1029 1721 1067 duo

217 1111 360 1149 genera
390 1099 761 1149 congregationum,
795 1109 895 1146 quae
926 1105 1102 1147 tempore
1134 1111 1174 1136 se
1205 1098 1472 1147 excipiebant,
1516 1097 1722 1135 statuenda

219 1179 303 1206 esse
333 1167 451 1205 etiam
483 1180 531 1205 ex
562 1179 607 1204 ea
637 1166 797 1215 ratione,
831 1178 910 1215 qua
941 1174 1050 1204 erant
1081 1166 1289 1216 dupliciter
1326 1165 1525 1204 eiusmodi
1556 1178 1722 1215 corpora

219 1235 498 1283 administrata,
531 1242 772 1273 ostenturum
804 1247 865 1272 me
897 1248 981 1272 esse
1013 1248 1138 1284 spero.
1204 1236 1307 1272 Nam
1339 1236 1468 1284 primo
1501 1236 1539 1272 in
1573 1235 1633 1272 his
1664 1247 1723 1272 re-

218 1304 399 1354 gionibus
430 1304 516 1342 illos
548 1312 784 1350 conventus,
824 1304 964 1352 quibus
997 1310 1195 1342 curatores
1228 1312 1449 1353 praeerant,
1488 1305 1722 1353 plerumque

220 1385 260 1410 se
290 1386 371 1411 non
402 1373 574 1420 urbibus,
608 1384 708 1422 quae
739 1372 792 1410 ibi
822 1385 971 1421 paucae
1011 1380 1142 1419 erant,
1186 1373 1255 1410 sed
1287 1372 1506 1410 civitatibus
1537 1372 1722 1410 barbara-

218 1453 303 1478 rum
341 1442 514 1492 gentium
554 1442 777 1479 adiunxisse
817 1442 998 1490 exemplo
1040 1448 1258 1479 conventus
1303 1440 1523 1486 Helvetici,
1566 1439 1720 1489 opinor,

219 1510 309 1548 satis
341 1511 639 1548 demonstratur.
708 1512 912 1547 Praeterea
942 1510 1047 1558 apud
1080 1507 1331 1558 Caesarem¹)
1370 1508 1595 1558 accepimus
1628 1520 1723 1546 con-

219 1578 350 1616 ventui
383 1578 525 1616 civium
558 1580 843 1623 Romanorum,
884 1578 951 1626 qui
983 1577 1138 1615 Lissum
1171 1577 1416 1622 obtinebant,
1449 1578 1555 1614 hunc
1587 1577 1720 1614 locum

218 1647 269 1685 ab
308 1646 393 1696 ipso
431 1646 591 1684 demum
633 1645 861 1683 attributum
904 1657 1006 1694 esse,
1051 1644 1193 1693 quibus
1234 1658 1281 1682 ex
1325 1645 1452 1682 verbis
1490 1644 1723 1695 intellegitur

218 1723 334 1753 antea
370 1716 475 1752 hunc
512 1714 626 1752 latius
663 1713 854 1764 patuisse3
895 1726 1014 1763 quare
1052 1714 1235 1763 exemplo
1273 1721 1492 1752 conventus
1525 1714 1722 1752 Helvetici

218 1784 427 1833 perductus
459 1796 544 1821 eam
577 1783 806 1821 societatem
838 1796 906 1832 per
935 1784 1030 1820 fines
1061 1782 1186 1832 gentis
1219 1782 1483 1829 Dalmaticae,
1528 1795 1630 1832 quae
1669 1782 1723 1820 ibi

219 1852 331 1890 sedes
362 1852 549 1899 habebat,
583 1852 835 1889 constitutam
868 1851 999 1901 fuisse,
1032 1858 1113 1888 tum
1147 1864 1170 1888 a
1201 1852 1368 1889 Caesare
1400 1850 1497 1889 illud
1528 1851 1722 1900 oppidum

217 1920 466 1959 domicilium
497 1921 696 1970 accepisse
729 1920 979 1958 coniecerim.
1032 1919 1229 1969 Imprimis
1261 1919 1364 1957 enim
1397 1920 1658 1970 negotiatores
1687 1926 1724 1957 et

217 1996 451 2027 mercatores
483 1989 667 2035 Romani,
701 1989 768 2038 qui
799 1990 869 2027 has
901 1989 940 2027 in
971 1997 1090 2026 terras
1121 1990 1401 2039 penetrabant,
1433 1989 1625 2027 rationem
1657 1989 1722 2025 ha—

217 2058 309 2095 bere
339 2064 523 2106 quaestus
557 2056 614 2094 sui
647 2057 867 2106 debebant,
901 2068 1020 2105 quam
1053 2057 1105 2094 ob
1136 2069 1217 2094 rem
1249 2056 1378 2094 statim
1409 2055 1448 2093 in
1479 2055 1639 2106 singulis
1670 2056 1724 2094 vi-

217 2126 272 2164 cis
305 2126 478 2176 gentium
510 2125 778 2175 indigenarum
812 2138 892 2164 non
915 2138 1099 2176 magnam
1124 2125 1417 2164 multitudinem
1438 2137 1574 2163 eorum
1607 2125 1723 2164 simul

217 2194 443 2233 consedisse
463 2195 702 2243 putabimus,
735 2207 784 2233 ne
816 2194 889 2232 sibi
920 2194 994 2244 ipsi
1016 2194 1291 2232 detrimentum
1315 2194 1497 2233 inferrent
1510 2191 1557 2245 ²).
1608 2195 1724 2243 Quae

334 2305 358 2349 ¹)
385 2304 485 2339 Caes.
511 2304 592 2340 bell.
620 2305 683 2338 ciV.
710 2304 761 2338 III
786 2308 840 2339 29.
870 2308 898 2339 1.

333 2362 360 2406 2)
386 2362 430 2397 cf.
457 2362 555 2396 Caes.
576 2362 656 2396 bell.
677 2361 768 2396 Gall.
786 2362 854 2395 VII
878 2365 932 2397 38.
958 2364 1012 2396 42.
1040 2365 1094 2405 55,
1120 2364 1152 2405 5,
1179 2361 1307 2404 quibus
1334 2371 1377 2395 ex
1402 2360 1491 2395 locis
1519 2360 1636 2395 elucet
1660 2371 1725 2404 per

216 2424 329 2453 totam
364 2419 571 2453 Aeduorum
607 2419 787 2453 civitatem
824 2424 858 2453 et
892 2418 1069 2453 Cabilloni
1104 2423 1140 2452 et
1173 2417 1377 2452 Novioduni
1415 2418 1509 2452 cives
1543 2417 1724 2451 Romanos

220 2476 441 2520 constitisse3
469 2476 564 2520 apud
590 2476 742 2510 Dionem
768 2475 865 2510 Cass.
885 2479 940 2510 40.
958 2478 1013 2519 33,
1040 2475 1100 2509 ubi
1127 2475 1169 2508 de
1197 2474 1319 2509 eodem
1346 2474 1474 2517 gallico
1500 2473 1656 2508 tumultu
1682 2483 1724 2507 ac

215 2534 287 2569 illis
319 2533 406 2568 locis
433 2533 662 2567 Caesarianis
689 2533 818 2577 agitur,
845 2532 934 2566 haec
961 2532 1159 2566 afferuntur
1185 2531 1227 2565 de
1252 2530 1442 2565 Arvernis:
1471 2530 1548 2563 »καὶ
1573 2530 1659 2568 τούς
1682 2541 1725 2574 γε

216 2588 415 2634 (Ρωμαίους,
442 2591 548 2628 ὅσους
574 2589 612 2622 ἔν
641 2602 682 2622 τε
709 2592 786 2628 ταῖς
814 2589 971 2633 πόλεσιν,
1007 2588 1043 2622 ἕν
1071 2600 1110 2621 τε
1138 2591 1186 2633 τῇ
1207 2588 1317 2633 χώρᾳ
1347 2589 1450 2630 σφῶν
1485 2586 1606 2632 εὗρον,
1639 2588 1723 2620 πάν-

218 2660 282 2688 τας
306 2648 534 2681 ἀπέκτειναν.
