1928 2884
861 139 1140 179 -96-

252 264 533 303 Melitenam
564 272 696 303 autem
727 277 775 303 ex
797 264 956 302 canabis
978 265 1210 315 Vespasiani
1240 264 1482 314 temporibus
1504 264 1598 303 ortis
1618 264 1753 303 Traia-

253 345 326 371 nus
357 333 435 372 iam
464 334 515 372 ad
545 333 650 371 urbis
681 332 910 384 dignitatem
949 333 1159 383 promovit.
1220 332 1495 371 Lambaesis
1534 345 1646 380 vero,
1686 334 1753 372 ubi

253 402 383 441 vicum
415 410 665 446 castrensem,
696 414 790 450 non,
822 409 864 439 ut
897 401 1112 439 Wilmanns
1144 402 1412 440 demonstrare
1443 408 1608 440 conatus
1639 399 1751 452 est¹)‚

254 472 326 510 sub
355 472 495 510 Marco
528 471 705 518 Aurelio,
739 470 809 508 sed
840 471 911 508 sub
943 471 1147 508 Antonino
1179 471 1249 509 Pio
1287 483 1364 508 una
1395 483 1485 509 cum
1517 469 1753 508 Verecunda

252 540 508 578 constitutum
540 552 624 578 esse
654 538 862 577 verisimile
894 536 1109 589 videtur²)‚
1149 540 1200 576 ad
1233 539 1434 589 municipii
1475 539 1751 577 condicionem

252 608 387 659 primis
416 607 527 646 annis
560 606 736 657 Septimii
770 606 901 645 Severi
932 607 1175 656 imperatoris
1206 605 1432 657 pervenit³)‚
1465 608 1752 646 Verecunda

252 678 414 715 fortasse
445 677 605 714 demum
628 675 825 713 Valeriani
856 683 974 724 atque
996 675 1163 713 Gallieni
1194 673 1488 726 temporibus4).
1543 677 1625 714 Sub
1658 676 1751 715 Dio—

253 746 422 784 cletiano
453 744 640 794 denique,
680 752 722 782 ut
761 744 839 782 iam
871 741 1239 794 significavimus-⁵),
1278 744 1640 794 Mogontiacum
1681 746 1751 783 ad-

251 813 576 852 ministrationem
610 813 887 862 municipalem
925 812 1071 862 adepta
1113 819 1191 860 est,
1232 812 1450 862 eademque
1490 821 1637 861 aetate,
1677 814 1751 852 nisi

251 883 385 933 fallor,
418 884 809 933 Argentoratum,
851 882 960 930 quod
1001 880 1159 930 quidem
1192 880 1426 919 Ammianus
1456 879 1749 931 Marcellinus⁶J

251 963 328 989 una
358 963 449 989 cum
470 950 726 1001 Mogontiaco
757 950 1015 1000 municipium
1049 958 1179 989 vocat.
1227 952 1318 989 Hac
1349 951 1427 989 fere
1458 958 1583 989 aetate
1615 963 1751 989 omnes

251 1020 421 1058 canabas
450 1019 489 1057 in
516 1020 631 1057 urbes
663 1026 924 1057 commutatas
956 1020 1074 1057 fuisse
1104 1019 1255 1069 opinor,
1287 1026 1329 1057 ut
1349 1020 1427 1058 hoc
1447 1030 1606 1069 quoque
1626 1031 1749 1070 genus

251 1087 597 1139 congregationum
630 1088 690 1125 vel
722 1087 898 1125 vicorum
931 1087 1076 1126 civium
1110 1089 1384 1125 Romanorum
1422 1087 1461 1124 in
1498 1086 1648 1136 imperii
1677 1094 1751 1126 ter-

251 1157 366 1196 minis
395 1158 444 1195 ad
478 1165 605 1195 castra
635 1156 776 1194 stativa
814 1157 1126 1206 consistentium,
1169 1168 1411 1206 quamquam
1449 1155 1565 1205 pauci
1605 1155 1749 1194 diutius

251 1227 478 1273 manebant,
518 1238 635 1275 quam
668 1225 870 1264 societates
901 1225 939 1264 in
970 1225 1213 1263 interioribus
1250 1224 1399 1274 imperii
1438 1224 1616 1274 partibus
1657 1237 1750 1262 con-

251 1294 428 1341 stitutae,
470 1301 601 1332 tamen
642 1301 743 1332 certe
783 1293 941 1332 ineunte
982 1301 1121 1342 quarto
1160 1294 1318 1331 saeculo
1356 1306 1394 1343 p.
1427 1293 1520 1332 Chr.
1553 1306 1591 1333 n.
1631 1294 1748 1331 finem

250 1363 439 1403 habuerit.

364 1500 390 1541 1)
415 1499 436 1531 l.
455 1496 476 1531 l.
502 1507 535 1540 p.
558 1497 621 1531 197
631 1507 681 1539 sq.

362 1554 390 1599 2)
415 1554 494 1589 vide
520 1564 611 1597 quae
638 1554 836 1588 Mommsen
864 1553 1034 1588 disseruit
1059 1554 1134 1588 CIL
1153 1554 1236 1588 VIII
1263 1565 1295 1598 p.
1314 1557 1391 1590 423.

362 1614 390 1656 3)
414 1612 564 1657 Ephem.
591 1613 705 1656 epigr.
724 1611 792 1645 VII
817 1622 849 1655 p.
872 1614 936 1646 120
960 1623 993 1646 n.
1013 1615 1090 1647 390.
1132 1611 1265 1646 Decem
1283 1611 1359 1646 fere
1377 1612 1479 1646 annis
1497 1615 1614 1656 antea,
1641 1622 1746 1655 quam

249 1670 448 1705 Wilmanns
474 1670 508 1714 (l.
533 1669 554 1703 l.
582 1671 659 1712 199)
694 1669 860 1713 opinatus
894 1673 949 1704 est
981 1671 1025 1712 (a.
1050 1670 1141 1713 207),
1174 1669 1406 1713 municipium
1434 1668 1747 1704 Lambaesitanum

247 1729 480 1763 constitutum
506 1739 583 1763 esse
609 1722 676 1762 hcc
702 1727 805 1762 titulo
831 1727 1008 1762 docemur.

359 1787 387 1831 4)
415 1785 491 1820 CIL
508 1785 593 1820 VHI
618 1797 651 1819 n.
669 1787 759 1820 4219
786 1790 821 1819 et
845 1795 878 1828 p.
897 1787 974 1819 423.

361 1845 389 1888 5)
413 1843 457 1878 cf.
474 1853 555 1888 pag.
573 1846 626 1878 86.
660 1843 734 1877 Iam
753 1842 818 1877 sub
835 1842 951 1877 Probo
969 1842 1237 1885 Mogontiacum
1255 1842 1300 1876 ad
1318 1842 1416 1876 urbis
1434 1842 1644 1886 dignitatem
1663 1852 1745 1886 pro-

248 1906 383 1936 vectam
399 1912 476 1936 esse
491 1911 639 1945 eamque
655 1901 830 1936 coloniam
844 1902 1004 1944 (propter
1018 1900 1160 1934 titulum
1178 1900 1290 1934 CIRh.
1312 1902 1408 1944 1002,
1427 1910 1533 1943 quem
1545 1899 1743 1935 Mommsen

248 1964 283 1993 et
307 1958 447 1993 Becker
477 1959 522 1993 ad
554 1958 739 1993 castellum
764 1958 1017 1993 Mattiacorum
1051 1958 1197 2002 (Castel)
1231 1958 1391 1993 referunt
1425 1958 1466 1992 cf.
1503 1958 1653 1993 Hermes
1677 1957 1744 1992 VII

248 2027 281 2060 p.
299 2018 366 2051 325
392 2015 471 2050 adn.
489 2018 512 2050 4
537 2021 572 2050 et
597 2015 736 2050 Becker
760 2015 780 2049 l.
799 2015 820 2049 l.
847 2026 880 2059 p.
902 2018 956 2059 14)
984 2025 1053 2049 non
1078 2015 1311 2059 municipium
1337 2015 1467 2050 factam
1494 2026 1590 2060 esse,
1621 2015 1743 2058 Bergk

248 2076 295 2117 (p.
313 2076 379 2108 513
390 2075 456 2117 sq.)
481 2073 723 2108 demonstrare
748 2075 883 2108 frustra
907 2078 1056 2108 conatus
1082 2078 1145 2108 est.

360 2131 388 2174 6)
414 2131 588 2165 Ammian.
608 2131 672 2165 XV
694 2135 743 2165 11.
764 2134 784 2165 8
810 2130 907 2174 (XVI
924 2134 954 2165 2.
978 2134 1040 2174 12).
