1907 2905
821 135 1098 174 -47-

213 255 418 306 scriptores
448 255 607 294 narratis
638 262 816 306 apparet,
859 255 964 294 idem
1004 256 1152 306 optime
1190 270 1238 296 ex
1277 257 1395 297 titulis
1434 260 1696 310 cognoscitur,

212 323 305 373 quia
335 323 506 362 Romani
536 336 617 361 non
646 336 732 361 raro
763 330 851 361 ante
882 323 986 362 cives
1017 325 1123 363 urbis
1158 326 1264 376 ipsos
1294 327 1562 375 nominantur,
1595 331 1700 368 velut

211 390 250 429 in
290 392 403 430 titulo
441 391 636 440 Cyziceno
671 391 854 441 legimus:
910 389 1042 429 »cives
1080 390 1283 441 Romani,
1324 392 1402 446 qui
1438 391 1575 445 Cyzici
1611 409 1700 435 con-

212 457 374 507 sistunt,
407 463 446 496 et
477 455 692 511 Cyziceni«
709 458 753 508 ¹).
812 461 857 496 In
889 459 1136 498 iureiurando
1165 469 1294 499 autem
1316 462 1532 510 Assiorum,
1565 476 1700 514 quarn-

211 539 328 576 quam
361 527 538 566 ordinem
571 535 801 576 sequuntur,
840 534 970 566 tamen
1001 530 1267 578 praecendunt
1296 531 1484 579 populum
1516 532 1698 581 Romani,

209 595 429 645 eodemque
469 596 508 634 in
545 596 675 641 titulo,
723 607 813 634 eum
851 596 900 634 de
936 596 1130 647 legatione
1169 598 1220 635 ad
1259 597 1475 648 Caligulam
1513 599 1700 638 mittenda

213 670 369 713 agatur,
415 675 516 713 quae
555 676 602 701 ex
638 662 773 713 primis
813 663 1050 713 optimisque
1089 664 1282 702 Romanis
1328 678 1376 703 ac
1415 666 1575 704 Graecis
1613 667 1700 718 eligi

209 730 368 778 dicitur,
408 732 580 770 Romani
616 738 705 769 ante
736 732 910 770 Graecos
948 729 1182 782 leguntur2).
1259 733 1425 771 Deliacis
1457 734 1624 784 denique
1659 736 1699 774 in

208 797 336 846 titulis,
369 800 441 838 etsi
470 807 560 850 post
581 799 837 838 Athenienses
868 799 1129 847 nominantur,
1161 808 1292 839 tamen
1321 810 1469 840 ceteros
1500 802 1539 840 in
1571 803 1696 842 insula

207 866 424 905 habitantes
445 868 617 906 Romani
648 868 898 906 antecedunt.
951 870 1081 917 Atque
1111 868 1241 919 etiam,
1274 869 1305 907 si
1325 883 1406 908 non
1428 871 1694 919 Athenienses,

206 935 274 972 sed
315 931 496 974 »Graeci
524 927 779 988 (ςἝλληνες)«
824 948 901 973 una
942 947 1032 974 cum
1069 937 1261 975 Romanis
1301 937 1453 976 titulum
1496 939 1694 987 dedicant,

207 1003 431 1053 saepissime
460 1004 587 1054 primo
617 1005 708 1042 loco
738 1001 1030 1054 appellanturss).

319 1072 451 1111 Minus
472 1081 613 1119 autern,
648 1085 765 1123 quam
797 1073 837 1110 in
857 1072 1162 1122 provincialibus
1183 1074 1356 1121 urbibus,
1389 1076 1560 1113 Romani
1589 1089 1696 1126 prae-

206 1141 388 1178 valebant
428 1140 467 1178 in
498 1140 721 1179 civitatibus
751 1140 894 1179 liberis.
956 1141 1018 1179 Ibi
1048 1141 1151 1179 enim
1184 1154 1320 1180 causas
1350 1142 1520 1192 privatas
1552 1143 1696 1182 civium

206 1210 498 1255 Romanorum,
540 1208 639 1246 sieut
677 1208 851 1246 omniurn
890 1208 929 1246 in
968 1209 1158 1248 territorio
1196 1209 1301 1248 urbis
1342 1212 1633 1261 peregrinorum
1674 1225 1697 1250 a

204 1275 397 1314 iudicibus
445 1276 611 1314 civitatis
660 1277 806 1315 liberae
854 1277 1089 1328 disceptatas
1128 1292 1210 1317 esse
1253 1280 1511 1319 demonstrari
1555 1288 1693 1330 potest.

204 1342 324 1381 Cuius
354 1343 409 1380 rei
438 1343 710 1394 gravissimum
740 1352 1010 1394 argumentum
1044 1345 1207 1383 sumitur
1237 1359 1282 1384 ex
1312 1360 1359 1385 eo
1389 1349 1479 1386 loco
1510 1348 1693 1388 orationis

204 1410 404 1450 Ciceronis
445 1424 516 1461 pro
558 1413 725 1459 Flacco,
773 1424 889 1462 quem
930 1415 1049 1463 paulo
1090 1421 1203 1451 antea
1241 1415 1692 1468 commemoravimus4).

202 1480 286 1518 Ubi
318 1479 456 1518 Cicero
486 1480 685 1530 Deciano,
727 1488 937 1530 postquam
970 1481 1182 1530 quaesivit,
1224 1495 1292 1520 cur
1322 1484 1361 1522 in
1393 1484 1549 1523 civitate
1578 1486 1697 1523 libera

203 1548 524 1598 (Apollonideae)
536 1546 586 1598 ⁵),
627 1562 674 1587 ac
703 1562 783 1587 non
814 1549 853 1587 in
883 1551 977 1588 urbe
1008 1550 1138 1599 aliqua
1168 1551 1394 1600 provinciae
1424 1553 1693 1604 negotiaretur,

202 1624 268 1655 aut
298 1616 488 1667 Pergami,
520 1624 587 1654 aut
619 1618 821 1667 Smyrnae,
856 1625 921 1656 aut
942 1618 1149 1666 Trallibus,
1182 1619 1248 1657 ubi
1279 1627 1315 1657 et
1345 1621 1456 1659 multi
1486 1621 1590 1659 cives
1613 1623 1695 1660 Ro-

202 1685 309 1722 mani
340 1692 468 1722 essent
508 1691 546 1722 et
584 1683 643 1722 ius
683 1697 706 1722 a
743 1687 1016 1724 Romanorum
1058 1687 1284 1736 magistratu
1324 1688 1533 1737 diceretur,
1575 1689 1695 1728 obicit

201 1754 318 1793 haec:
384 1748 550 1791 »Otium
592 1758 628 1790 te
670 1749 865 1791 delectat:
914 1751 1027 1801 lices,
1069 1753 1238 1803 turbae,
1274 1760 1448 1807 praetor
1488 1753 1580 1795 odio
1621 1763 1693 1806 est,

206 1816 464 1859 Graecorum
492 1818 682 1859 libertate
711 1817 912 1874 qaudes«,
945 1822 1086 1871 quibus
1109 1823 1234 1862 verbis
1257 1831 1385 1862 orator
1414 1824 1563 1864 iudices
1584 1838 1692 1875 grae-

202 1901 270 1926 cos
301 1887 585 1938 Apollonideae
615 1889 906 1937 clementiores,
947 1903 970 1927 a
1000 1890 1141 1939 quibus
1174 1890 1352 1929 Deciano
1389 1892 1428 1929 in
1459 1893 1535 1930 hac
1573 1893 1693 1932 libera

202 1956 358 1995 civitate
387 1956 445 1994 ius
476 1957 666 2004 dabatur,
707 1957 892 2007 opposuit
924 1958 1107 1996 severiori
1137 1959 1305 2008 praetori
1335 1961 1540 2011 Romano,
1583 1962 1692 2001 cuius

201 2026 445 2066 severitatem
475 2027 538 2065 ille
568 2040 613 2065 ea
643 2040 694 2074 re,
727 2027 836 2076 quod
866 2027 907 2066 in
935 2026 1056 2065 libera
1086 2026 1242 2066 civitate
1263 2028 1513 2076 consistebat,
1546 2031 1689 2080 effugit.

202 2097 263 2134 Ex
293 2095 353 2134 his
383 2102 513 2133 autem
543 2094 670 2133 verbis
701 2096 816 2133 etiam
848 2096 926 2134 hoe
956 2095 1140 2133 concludi
1169 2108 1284 2145 posse
1305 2096 1458 2134 videtur
1488 2097 1525 2135 in
1556 2098 1691 2148 capitis

202 2176 360 2214 quoque
390 2164 522 2203 litibus
563 2163 667 2202 cives
699 2166 903 2202 Romanos
941 2163 1183 2214 magistratui
1223 2163 1386 2203 civitatis
1423 2165 1564 2203 liberae
1602 2168 1691 2204 sub-

314 2310 340 2353 1)
365 2309 442 2344 CIL
466 2309 518 2344 111
544 2309 653 2354 Supp.
679 2311 764 2345 7061
793 2313 888 2354 (app.
915 2321 946 2344 n.
966 2313 1034 2346 531.

313 2366 342 2409 2)
368 2366 500 2400 Mirum
525 2372 643 2401 tamen
669 2366 808 2401 videtur
833 2367 926 2401 inter
950 2367 1086 2411 legatos
1114 2367 1237 2402 ultimo
1270 2367 1305 2400 in
1331 2366 1432 2400 titulo
1465 2370 1687 2399 enumeratos

200 2432 308 2456 unum
334 2422 435 2456 modo
461 2433 588 2457 nomen
605 2422 802 2456 Romanum
820 2422 971 2457 inveniri
988 2422 1039 2464 (Ο.
1066 2423 1212 2456 Varius.
1242 2423 1276 2456 Ο.
1291 2424 1320 2466 f.
1349 2422 1510 2456 Voltinia
1533 2422 1686 2463 Castus).

313 2479 340 2523 ³)
366 2478 443 2513 vide
471 2479 711 2514 Schoefferum
737 2479 757 2513 l.
784 2480 804 2513 l.
832 2491 864 2524 p.
886 2483 958 2515 196.

312 2536 340 2580 4)
367 2535 438 2570 Cic.
465 2545 528 2580 pro
556 2536 684 2570 Flacco
709 2539 763 2571 29.
790 2538 843 2571 71.
893 2537 935 2570 cf.
962 2536 1159 2570 Mommsen
1185 2536 1233 2569 St.
1261 2536 1300 2569 R.
1326 2535 1375 2568 111
1403 2546 1433 2577 p.
1453 2536 1527 2569 706.

313 2593 344 2634 5)
367 2592 622 2637 Apollonidea‚
653 2604 723 2628 non
748 2594 952 2638 Apollonis,
984 2599 1037 2628 est
1068 2594 1173 2628 huius
1205 2593 1302 2627 urbis
1333 2602 1468 2625 nomen.
1523 2590 1564 2623 cf.
1591 2589 1683 2623 Mar-

199 2648 329 2692 quardt
354 2650 403 2684 St.
430 2649 471 2684 V.
496 2649 512 2683 Ι
537 2661 569 2693 p.
587 2653 655 2685 346
680 2651 760 2684 adn.
778 2652 815 2694 73
842 2650 932 2684 Bull.
959 2650 1001 2684 de
1028 2661 1097 2684 cor.
1124 2650 1215 2684 Hell.
1243 2650 1291 2682 XI
1317 2660 1349 2691 1).
1368 2651 1411 2682 85
1437 2647 1516 2681 adn.
1538 2650 1564 2680 1.
