1907 2905
824 144 1069 182 ..9-

209 281 302 307 vero
333 262 402 307 illa
432 281 509 306 vox
539 267 577 305 in
608 266 755 318 graecis
787 265 894 305 terris
925 267 964 305 in
996 278 1067 305 usu
1097 267 1221 315 fuerit,
1253 280 1302 305 ex
1323 275 1477 306 senatus
1501 269 1549 307 de
1571 270 1702 307 Ascle-

208 337 325 387 piade
364 337 542 374 consulto
584 343 761 386 apparet,
813 335 880 373 ubi
918 348 998 373 non
1037 335 1183 373 iudices
1223 335 1419 383 Romani,
1468 337 1536 374 sed
1578 337 1700 376 Italici

212 402 435 456 (»Ἰταλικυὶ
478 402 654 457 κριταία)
701 402 967 453 afferuntur1).
1046 404 1201 453 Quibus
1249 417 1297 442 ex
1344 404 1471 443 verbis
1524 412 1700 443 senatum

210 473 338 523 ipsum
368 472 482 511 huius
512 471 700 522 loquendi
733 471 1027 510 consuetudinis
1058 472 1247 510 rationem
1291 471 1473 510 habuisse
1512 471 1700 510 videmus.

211 540 392 579 Similiter
428 540 533 578 cives
571 538 742 578 Romani
781 539 887 588 apud
920 540 1094 577 Graecos
1134 539 1391 578 consistentes
1428 541 1532 578 hanc
1569 552 1702 579 eorum

208 608 530 647 consuetudinem
556 620 727 646 servasse
748 615 1054 646 consentaneum
1079 615 1146 654 est,
1181 608 1351 647 maxime
1374 610 1511 652 donecq
1546 617 1586 647 ut
1608 609 1702 648 socii

207 677 315 715 latini
345 676 447 724 iuris,
481 675 512 714 si
542 676 640 714 illud
670 675 908 713 Mommseni
940 683 1211 725 argumentum
1244 677 1482 727 respicimus,
1515 677 1553 715 in
1585 677 1702 716 socie-

207 744 350 784 tatibus
387 744 540 783 illornm
579 751 791 790 exstarent,
837 743 916 781 fieri
958 744 1095 793 potuit.
1160 745 1237 782 Sed
1273 746 1324 783 ab
1365 754 1490 784 aetate
1526 745 1702 784 Caesaris

209 813 426 859 dictatoris,
459 820 667 862 postquam
700 819 784 850 tota
814 811 924 849 Italia
956 811 1152 850 civitatem
1185 815 1406 851 Romanam
1439 815 1602 864 accepit,
1634 826 1702 852 no-

208 895 298 920 men
328 881 552 920 Italicorum
591 881 665 919 illis
702 880 741 918 in
771 880 982 930 provinciis
1014 881 1282 920 habitantibus
1313 882 1617 933 negotiatoribus
1656 895 1703 920 ex

209 951 318 990 Italia
350 952 442 990 ortis
473 962 690 1000 numquam
722 951 798 988 fere
830 946 1001 1000 datur2),
1031 962 1157 999 neque
1185 950 1393 1000 quisquam
1415 951 1488 988 nisi
1510 950 1605 988 civis
1626 952 1703 988 Ro-

210 1031 349 1058 manus
379 1019 420 1057 in
451 1031 583 1057 eorum
617 1019 986 1068 congregationibus
1026 1020 1142 1057 fuisse
1174 1019 1351 1065 videtur,
1394 1020 1475 1065 vel,
1517 1027 1558 1056 ut
1596 1018 1704 1056 aliter

210 1087 352 1133 dicam,
384 1088 435 1125 ab
465 1086 524 1125 his
555 1087 796 1136 temporibus
828 1087 912 1124 sola
944 1086 1080 1124 civitas
1112 1089 1293 1125 Romana
1328 1099 1539 1125 commune
1569 1087 1705 1125 vincu—

211 1157 291 1194 lum
313 1155 383 1194 fuit
404 1154 577 1193 omnium
601 1156 899 1205 negotiatorum,
932 1163 1141 1202 aratorum⁷
1175 1162 1403 1201 ceterorum,
1437 1155 1503 1205 qui
1535 1154 1574 1192 in
1596 1154 1706 1204 oppi-

211 1225 270 1263 dis
301 1224 587 1274 provinciarum
611 1224 854 1262 domicilium
887 1225 1186 1262 collocaverant.
1238 1224 1342 1261 Nam
1375 1230 1468 1269 tum,
1503 1235 1592 1261 cum
1623 1230 1706 1261 tota

210 1292 325 1331 Italia
356 1293 406 1329 ad
438 1291 633 1330 civitatem
662 1292 885 1330 Romanam
917 1292 1102 1341 pervenit.
1136 1293 1211 1329 hoc
1242 1292 1299 1329 ius
1332 1292 1444 1329 valde
1475 1292 1706 1330 auctoritate

212 1359 332 1398 crevit
361 1359 572 1408 omniaque
602 1359 685 1396 iura
714 1359 1024 1409 peregrinorum,
1058 1359 1226 1397 maxime
1256 1359 1315 1397 ius
1347 1360 1445 1398 Latii
1477 1360 1514 1398 vi
1543 1359 1706 1411 gravita-

211 1435 326 1477 teque
357 1427 484 1465 minus
515 1439 563 1465 ac
594 1427 721 1466 minus
754 1429 950 1466 valebant.
1014 1429 1126 1466 Haec
1165 1435 1294 1466 autern
1336 1440 1529 1478 nusquam
1570 1428 1706 1467 melius

211 1496 398 1547 cognosci
428 1504 612 1546 possunt,
654 1509 773 1546 quam
805 1498 912 1547 apud
950 1498 1019 1534 has
1060 1498 1382 1547 congregationes
1420 1496 1703 1547 negotiatorum

209 1571 566 1614 mercatorumque,
599 1577 764 1614 quorum
798 1564 838 1603 in
869 1565 1080 1603 fenerando
1113 1572 1228 1614 atque
1257 1571 1493 1602 mercaturas
1524 1564 1705 1602 faciendo

209 1633 410 1684 privilegia
440 1641 477 1671 et
508 1633 723 1671 commoda
761 1633 920 1683 singulis
952 1634 1195 1683 temporibus
1226 1645 1272 1671 ex
1303 1632 1384 1670 iure
1415 1632 1582 1670 civitatis
1614 1644 1706 1670 suae

212 1701 443 1740 derivantur.

938 2133 979 2182 I.

328 2259 527 2308 Quoniam
560 2259 666 2296 varia
696 2271 838 2309 genera
869 2259 1073 2297 hominum
1105 2271 1153 2297 ex
1186 2259 1292 2297 Italia
1324 2259 1364 2296 in
1392 2258 1609 2308 provincias
1641 2258 1706 2296 im-

214 2326 308 2376 perii
339 2327 564 2376 negotiandi
596 2339 714 2365 causa
744 2327 1070 2377 immigrantium,
1111 2340 1210 2377 quos
1242 2335 1426 2376 quaestus
1456 2326 1705 2373 exercuerint,

214 2395 402 2444 quodque
439 2395 498 2432 ius
544 2394 705 2433 diversis
750 2395 994 2445 temporibus
1033 2396 1193 2433 eosdem
1235 2395 1332 2431 inter
1373 2407 1411 2431 se
1452 2394 1706 2437 coniunxerit,

213 2462 379 2501 breviter
410 2463 715 2512 perstrinximus,
747 2465 900 2502 animos
933 2464 1182 2501 advertamus
1214 2464 1265 2500 ad
1297 2461 1614 2512 congregationes
1645 2474 1702 2498 co·

334 2606 358 2650 ¹)
384 2605 501 2640 Bruns
527 2605 659 2641 Fontes
685 2606 796 2640 iuris-‘³
823 2617 854 2650 p.
877 2609 949 2641 160.

329 2661 358 2704 2)
383 2666 597 2705 postremum
623 2673 653 2696 a.
681 2664 817 2705 708s46.
844 2662 886 2697 cf.
914 2663 1016 2697 Auct.
1045 2662 1127 2696 belli
1153 2660 1312 2695 Africani
1333 2661 1351 2693 l.
1372 2660 1390 2693 l.
