1907 2905
789 102 1068 139 -15-

297 224 486 263 Venimus
516 224 568 261 ad
599 230 814 262 conventus
845 223 987 261 civium
1013 225 1286 264 Romanorum
1317 227 1522 275 quomodo
1553 227 1676 277 expli-

185 293 299 331 candi
328 293 416 331 sint.
479 294 538 329 Ac
569 291 737 341 primurn
779 291 937 340 quidem
976 291 1013 329 in
1045 293 1120 330 hac
1158 307 1198 331 re
1235 294 1524 332 accuratissime
1562 307 1674 334 excu-

183 361 357 399 tiendum
398 368 472 407 est,
513 359 609 409 quid
648 360 721 398 sibi
761 359 852 397 velit
890 360 1051 398 omnino
1093 375 1236 400 nomen
1277 370 1491 400 conventus
1571 365 1674 401 Nam

184 429 384 478 multiplex
409 435 467 467 est
494 428 606 466 huius
629 428 736 466 vocis
764 440 868 475 usus,
892 440 1012 477 quam
1033 442 1055 466 a
1076 431 1196 468 verbo
1225 429 1485 468 »convenire«
1513 432 1674 470 ductam

182 509 266 534 esse
301 504 419 545 atque
455 496 647 546 principio
686 496 973 534 multitudinem
1015 498 1228 546 quamlibet
1268 499 1320 536 ob
1358 510 1516 536 causam
1554 511 1674 537 unum

182 563 222 601 in
252 565 380 602 locum
414 572 690 613 congregatam
723 564 939 614 significare
970 564 1006 603 in
1036 573 1219 615 promptu
1248 567 1574 616 manifestumque
1604 576 1673 608 est.

182 632 321 680 Neque
360 644 452 670 vero
492 631 587 669 illud
625 632 850 681 negandum
891 640 968 679 est,
1017 638 1289 684 quaecumque
1330 634 1378 672 sit
1419 647 1536 673 causa
1581 648 1675 674 con-

181 699 375 747 veniendi,
408 713 454 738 ex
483 701 558 738 hac
588 700 757 738 rationes
788 701 926 751 varias,
959 701 1100 750 quibus
1131 716 1209 740 vox
1231 711 1447 753 usurpatur,
1481 717 1672 743 manasse.

182 766 422 806 Convenitur
450 780 510 805 res
542 768 683 818 agendi
713 769 774 806 vel
803 769 987 807 audiendi
1018 782 1157 808 causa:
1191 779 1406 809 conventus
1437 772 1468 809 is
1500 779 1557 810 est
1579 785 1673 810 con—

180 833 233 872 tio
265 836 326 872 vel
356 835 565 873 concilium
582 834 609 885 ¹)
641 837 701 873 vel
733 849 946 874 concursus
977 837 1201 885 hominum,
1234 838 1468 887 quibuscum
1500 842 1668 879 vocabu·

179 901 225 939 lis
256 902 348 951 ipsis
379 904 439 940 vel
470 903 661 941 similibus
692 917 836 941 nomen
859 912 1077 942 conventus
1100 902 1259 955 saepe2)
1292 906 1546 945 coniunctum
1576 908 1672 958 legi-

181 981 277 1007 mus.
340 971 581 1008 Convenitur
612 971 844 1009 consiliandi
882 984 1020 1010 causa:
1068 985 1166 1010 voce
1207 982 1423 1012 conventus
1465 975 1672 1013 consilium

180 1038 419 1087 singulorum
451 1038 707 1088 significatur,
747 1041 850 1077 velut
890 1053 913 1077 a
944 1038 1176 1090 Cicerone3)
1220 1050 1373 1079 senatus
1407 1044 1672 1091 Syracusanus

181 1114 396 1143 conventus
428 1106 587 1154 dicitur,
629 1115 696 1144 aut
726 1120 955 1157 congressus
988 1109 1250 1158 complurium
1289 1109 1510 1156 civitatum,
1554 1123 1671 1160 quem

181 1186 253 1212 nos
281 1174 448 1212 dicimus
482 1172 1004 1228 »Bundesversammlunffi
1037 1175 1424 1228 Tayessczlzunqffl).
1477 1178 1672 1227 Imprimis

180 1250 310 1280 autem
348 1251 609 1282 »conventus«
647 1245 848 1283 sollemnis
880 1258 956 1283 vox
987 1253 1055 1291 est,
1089 1258 1167 1294 qua
1197 1245 1428 1295 intellegitur
1460 1247 1671 1285 multitudo

181 1309 413 1348 iudiciorum
445 1324 563 1349 causa
594 1312 831 1350 conveniens
861 1313 901 1350 in
932 1313 1059 1350 forum
1091 1325 1223 1350 earum
1255 1313 1427 1360 urbium,
1460 1312 1498 1350 in
1529 1315 1671 1363 quibus

179 1386 375 1427 praetores
415 1379 704 1428 provinciarum
747 1381 958 1418 consistere
1004 1389 1121 1430 atque
1162 1381 1222 1418 ius
1268 1381 1397 1419 dicere
1438 1380 1669 1431 solebant5).

180 1448 314 1495 Atque
343 1458 390 1484 ex
421 1447 500 1485 hoc
521 1459 594 1485 usu
624 1447 812 1497 loquendi
834 1456 917 1486 orta
939 1456 997 1486 est
1019 1449 1263 1486 consuetudo
1284 1449 1508 1498 appellandi
1530 1450 1672 1488 eodem

179 1514 302 1553 modo
333 1522 370 1552 et
399 1522 552 1565 tempus
583 1517 760 1564 diemve‚
803 1528 881 1566 quo
913 1524 1130 1555 conventus
1167 1514 1418 1566 agebatur⁶)‚
1460 1525 1498 1555 et
1536 1519 1671 1556 urbem

293 1638 320 1680 1)
344 1635 502 1670 Maxime
536 1636 766 1680 collegiorum
799 1642 833 1671 et
865 1637 1076 1672 societatum
1108 1638 1259 1672 concilia
1293 1643 1528 1671 »conventus«
1555 1640 1671 1673 vocati

179 1703 257 1727 esse
289 1693 463 1728 videntur.
520 1693 562 1728 cf.
589 1694 783 1729 Liebenam
820 1699 906 1728 rom.
941 1695 1133 1729 Vereinsw.
1166 1706 1199 1738 p.
1218 1696 1285 1730 279
1323 1700 1358 1729 et
1394 1694 1476 1730 Joh.
1513 1694 1672 1730 Schmidt

178 1749 306 1784 Rhein.
332 1750 424 1787 Mus.
450 1752 494 1787 N.
512 1752 553 1788 F.
579 1752 676 1786 XLV
702 1763 734 1796 p.
754 1755 819 1787 605
838 1763 888 1796 sq.

293 1806 321 1850 2)
353 1807 396 1841 cf.
430 1808 500 1843 Cic.
528 1809 565 1842 in
595 1809 697 1843 Verr.
724 1809 745 1842 l.
763 1809 823 1843 IV.
848 1812 901 1844 50.
931 1812 1010 1853 1103
1043 1819 1107 1853 pro
1140 1809 1274 1843 Archia
1299 1809 1342 1843 II.
1367 1813 1403 1845 3:
1456 1817 1671 1845 »conventus

174 1865 488 1909 frequentiaque«.
532 1865 602 1900 Cic.
630 1866 666 1899 in
693 1866 791 1899 Verr.
817 1866 838 1899 l.
858 1866 898 1900 V.
925 1869 977 1902 38.
1000 1869 1079 1901 100:
1109 1867 1316 1901 »hominum
1341 1874 1536 1902 conventus
1560 1874 1670 1913 atque

177 1920 410 1958 multitudo«.
457 1921 583 1956 Multis
615 1922 702 1956 locis
728 1922 860 1956 dicitur
894 1924 953 1956 »in
978 1929 1153 1957 conventu
1174 1924 1350 1969 palam«,
1384 1925 1413 1958 si
1440 1925 1524 1968 quid
1551 1935 1668 1960 coram

179 1977 303 2012 multis
329 1977 532 2013 hominibus
558 1979 610 2013 vel
634 1979 670 2012 in
688 1979 830 2023 publico
848 1979 979 2014 factum
1000 1985 1053 2014 est
1077 1979 1120 2014 cf.
1140 1980 1211 2016 Cic.
1231 1981 1267 2014 in
1288 1982 1387 2016 Verr.
1414 1981 1435 2015 l.
1455 1982 1494 2015 V.
1513 1985 1567 2017 53.
1589 1985 1669 2026 193;

177 2035 199 2070 l.
217 2035 276 2070 IV.
302 2039 356 2071 40.
386 2038 439 2071 86.
466 2036 486 2069 l.
504 2036 566 2070 III.
592 2039 645 2071 64.
675 2040 755 2081 1493
782 2042 848 2072 act.
866 2037 891 2071 I.
918 2039 947 2072 7.
978 2040 1027 2072 18.
1144 2038 1171 2081 3)
1196 2038 1232 2072 in
1258 2038 1358 2072 Verr.
1385 2039 1406 2072 l.
1424 2039 1483 2073 IV.
1511 2042 1564 2073 61.
1595 2041 1667 2074 138.

291 2094 320 2136 4)
346 2092 389 2127 cf.
417 2092 493 2126 Liv.
518 2096 572 2129 33.
598 2096 658 2128 34:
693 2100 908 2128 »conventus
933 2095 1121 2128 civitatum
1145 2096 1419 2141 yemz'umque«;
1443 2099 1497 2131 34.
1522 2099 1582 2140 483
1608 2100 1668 2140 503

177 2153 218 2184 51
246 2150 438 2193 multisque
464 2150 547 2185 aliis
572 2151 659 2185 locis
684 2151 790 2185 huius
816 2151 1010 2194 scriptoris.

290 2208 319 2248 5)
347 2206 449 2241 Hanc
475 2208 638 2242 vocabuli
665 2208 743 2252 vim,
770 2219 860 2252 quae
886 2209 1058 2243 latissime
1084 2214 1193 2253 patet,
1220 2209 1354 2244 Paulus
1380 2210 1560 2244 Diaconus
1585 2221 1610 2244 s.
1638 2221 1666 2243 v.

181 2269 416 2298 »conventus«
444 2265 586 2308 (Festus
612 2277 645 2309 p.
663 2269 704 2301 41
724 2266 775 2310 M)
806 2266 912 2300 tertio
938 2266 1014 2300 loco
1041 2266 1221 2310 exposuit:
1267 2267 1410 2301 »Tertio
1436 2279 1515 2301 cum
1541 2279 1565 2300 α
1590 2279 1667 2299 ma-

175 2321 335 2365 9i3tratu
374 2322 503 2356 iudicii
540 2334 656 2356 causa
689 2323 854 2368 populus
890 2328 1154 2368 conyreyatur«
1196 2323 1238 2357 cf.
1272 2324 1378 2357 etiam
1405 2324 1555 2358 Gronov:
1593 2324 1664 2358 obs.

176 2388 204 2412 c.
230 2377 333 2411 XXII
359 2389 391 2421 p.
410 2381 487 2413 482.

291 2436 318 2479 6)
346 2434 414 2468 Pro
444 2441 675 2470 »conventum
703 2449 831 2482 ayere«
860 2437 983 2472 Cicero
1010 2448 1273 2481 nonnumquam
1300 2439 1367 2481 (ad.
1390 2440 1462 2473 Att.
1484 2440 1522 2472 V.
1552 2442 1601 2473 16.
1627 2443 1665 2478 4;

178 2493 229 2526 17.
258 2494 296 2535 63
321 2494 375 2526 21.
402 2495 440 2536 9;
466 2492 525 2527 VI.
548 2496 579 2528 2.
597 2497 643 2533 4.)
672 2494 758 2529 dicit
785 2497 927 2538 »forum
952 2507 1102 2541 ayeren
1134 2495 1270 2538 pariter
1295 2495 1422 2530 Graeci
1452 2497 1665 2538 »ἀγοραίους

175 2547 294 2590 ἄγε-κη(
332 2549 386 2584 vel
415 2552 568 2583 »nocella«
597 2551 737 2595 (Strabo
763 2552 859 2586 XIII.
884 2556 916 2587 4.
945 2555 1000 2596 12)
1025 2553 1079 2588 vel
1107 2554 1316 2595 »amarem«
1344 2553 1404 2593 (ib.
1430 2552 1522 2585 VIII.
1548 2555 1580 2585 3.
1611 2555 1664 2596 10)

177 2605 229 2640 vel
257 2606 414 2651 »ἀγορὰν
442 2606 564 2650 ἄγε-ινα
591 2607 770 2653 (Philostr.
798 2620 826 2642 v.
853 2610 971 2654 Apoll.
998 2610 1023 2644 Ι.
1053 2613 1116 2654 12).
