1928 2884
847 98 1125 137 —34-

235 222 370 274 populi
410 221 582 261 Romani
623 221 855 269 ordinabat,
902 221 1020 260 etiam
1061 220 1225 258 alterum
1263 218 1456 268 quiddam
1499 226 1626 258 ortum
1663 226 1734 268 est,

235 292 343 342 quod
388 290 480 329 item
526 290 641 328 trium
681 289 898 328 Galliarum
946 287 1149 339 proprium
1195 284 1354 336 fuisse1)
1400 288 1617 326 tenendum
1661 294 1740 337 est:

235 359 465 410 Luguduni,
508 359 549 396 in
587 357 792 407 metropoli
825 356 1064 405 Galliarum,
1109 353 1287 393 »summi
1331 359 1547 394 curatores
1588 353 1736 394 civium

234 425 540 466 Romanorum«
576 426 883 475 uniuscuiusque
912 423 1141 475 provinciae
1172 431 1296 464 erant.
1349 425 1453 462 Nam
1476 436 1565 463 cum
1596 425 1734 464 titulos

234 498 374 534 horum
407 503 629 533 curatorum
661 493 888 544 provinciae
918 491 1223 543 Lugudunensis
1255 499 1376 542 atque
1403 492 1639 542 Aquitaniae
1670 494 1736 531 ha-

234 566 408 612 beamus,
443 564 623 603 conicere
651 563 765 602 nobis
801 562 934 601 licebit
973 561 1117 600 similes
1149 560 1397 611 magistratus
1429 563 1622 601 Romanis
1653 562 1739 600 Bel-

230 632 344 681 gicae
377 644 535 682 quoque
565 628 834 682 praefuisse2).
897 633 958 669 Ac
989 630 1158 680 primurn
1200 629 1240 667 in
1279 629 1339 668 his
1379 631 1542 668 summis
1585 637 1740 669 curato-

191 735 194 736 ⁷
233 701 338 738 ribus
369 700 487 738 velim
518 699 702 750 respicias
734 706 955 748 utrumque,
988 709 1107 748 quem
1129 698 1404 747 cognovimus,
1436 697 1650 748 Luguduni
1681 710 1739 736 se-

234 769 325 806 dem
357 769 554 807 habuisse.
615 768 734 807 Unde
765 767 940 814 efficitur,
974 773 1015 804 ut
1044 766 1090 804 iis
1122 778 1265 804 causae
1296 766 1442 805 civium
1463 768 1737 805 Romanorum

233 836 423 886 imprimis
454 838 494 874 in
525 835 701 874 conciliis
734 835 965 881 Galliarum,
999 846 1099 884 quae
1129 834 1169 872 in
1199 835 1275 873 hac
1304 834 1512 885 metropoli
1541 836 1739 874 habeban-

233 913 316 952 tur,
360 905 634 944 defendendae
675 905 884 943 mandatae
924 903 1076 943 fuerint.
1145 904 1350 941 Romanos
1391 904 1515 951 enim,
1558 903 1625 953 qui
1668 916 1738 954 per

234 973 456 1024 provincias
487 975 558 1012 has
591 974 754 1023 dispersi
785 973 1029 1020 habitabant,
1064 984 1306 1022 quamquam
1328 972 1485 1023 plurimi
1515 973 1554 1011 in
1577 973 1737 1024 singulis

234 1042 458 1081 civitatibus
488 1042 566 1080 iam
606 1050 802 1081 curatores
844 1042 918 1080 sibi
959 1043 1247 1092 praefecerant,
1290 1049 1423 1080 tamen
1462 1042 1658 1080 nonnullis
1696 1042 1737 1080 in

233 1110 478 1161 regionibus,
526 1110 596 1148 ubi
635 1111 750 1160 pauci
788 1112 1155 1158 commorabantur,
1203 1110 1284 1148 sine
1331 1110 1575 1149 curatoribus
1619 1110 1737 1149 fuisse

233 1178 442 1217 verisimile
473 1186 542 1217 est.
609 1179 828 1227 Quomodo
860 1178 1002 1217 summi
1034 1185 1231 1217 curatores
1262 1178 1375 1217 electi
1406 1178 1494 1228 sint,
1526 1178 1734 1226 nescimus,

234 1249 397 1286 fortasse
428 1247 495 1294 sic,
528 1255 570 1285 ut
602 1260 738 1285 omnes
770 1246 997 1297 provinciae
1029 1254 1227 1285 curatores
1264 1260 1287 1284 a
1318 1246 1468 1285 civibus
1505 1246 1546 1284 in
1577 1246 1736 1297 singulis

234 1315 456 1354 civitatibus
498 1315 697 1354 constituti
736 1316 863 1354 civem
900 1315 1233 1365 Lugudunensem
1273 1315 1495 1365 quendam,
1536 1315 1603 1365 qui
1641 1315 1736 1365 ipsis

234 1384 399 1422 idoneus
430 1383 641 1434 videretur,
685 1391 871 1424 crearent.
932 1384 991 1422 Illi
1023 1383 1148 1431 enim,
1191 1395 1359 1433 quorum
1398 1384 1566 1422 duorum
1603 1383 1736 1422 titulos

234 1454 436 1500 habemus,
470 1460 558 1490 sunt
589 1452 660 1490 viri
688 1454 851 1499 nobiles,
885 1452 951 1502 qui
975 1451 1188 1502 Luguduni
1210 1453 1394 1491 omnibus
1415 1452 1631 1491 honoribus
1652 1465 1732 1502 per-

234 1520 357 1559 functi
388 1528 516 1569 erant,
548 1521 655 1570 apud
688 1533 863 1560 summos
894 1521 1129 1571 infimosque
1161 1521 1265 1560 cives
1297 1523 1476 1560 coloniae
1506 1522 1623 1560 valde
1652 1534 1735 1572 gra-

233 1590 345 1637 tiosi3
382 1585 488 1627 »Sex
528 1586 727 1636 Vaqirius
758 1586 1004 1627 IVIartianus
1036 1600 1213 1628 Summus
1244 1598 1398 1629 curator
1429 1604 1464 1631 c.
1493 1592 1542 1629 R.
1575 1590 1733 1640 provin-

234 1658 315 1696 ciae
346 1658 582 1708 Aquitaniae
613 1658 728 1696 etiam
759 1671 878 1709 eques
912 1661 1118 1698 Romanus
1149 1659 1266 1698 fuisse
1298 1659 1462 1700 videtur.

346 1729 431 1765 Iam
462 1740 578 1775 vero,
620 1728 810 1778 quoniam
841 1728 946 1766 varia
977 1741 1119 1779 genera
1149 1742 1302 1777 eorum,
1342 1742 1442 1778 quos
1480 1728 1626 1767 civium
1656 1731 1736 1767 Ro-

234 1807 440 1833 manorum
471 1796 674 1834 societates
707 1796 779 1835 sibi
809 1798 1074 1847 praefecerant
1106 1798 1326 1847 quibusque
1357 1810 1416 1836 res
1448 1809 1537 1836 suas
1568 1797 1734 1835 tuendas

232 1864 328 1902 inter
360 1872 509 1902 exteras
541 1865 721 1904 nationes
759 1867 987 1914 tradebant,
1030 1867 1371 1916 perlustravimus,
1410 1867 1520 1904 locus
1561 1865 1651 1911 erit,
1692 1873 1735 1904 ut

232 1933 384 1971 animos
415 1934 667 1972 advertamus
697 1935 807 1981 illuc,
850 1947 951 1985 quos
993 1935 1088 1973 deos
1130 1948 1198 1973 eae
1239 1934 1409 1973 maxime
1445 1934 1637 1974 coluerint
1678 1941 1736 1972 at-

348 2115 373 2156 1)
398 2112 493 2147 Nam
518 2124 562 2147 ex
586 2113 690 2147 titulo
716 2114 920 2158 nuperrime
946 2114 1147 2149 Laodiceae
1179 2114 1215 2148 in
1241 2114 1331 2148 Asia
1355 2118 1509 2159 reperto,
1541 2124 1646 2157 quem
1679 2113 1736 2148 »of

238 2170 295 2203 ἐπὶ
320 2173 384 2214 τῆς
403 2169 516 2208 Ἀσίας
539 2168 699 2211 Ῥωμαῖοι
728 2172 784 2204 καὶ
803 2170 968 2217 Ἕλληνες
993 2172 1050 2204 καὶ
1075 2173 1093 2204 ὁ
1120 2172 1230 2215 δῆμος
1256 2173 1274 2205 ὁ
1295 2172 1521 2205 Δαοὸαέων((
1549 2171 1735 2206 dedicave-

232 2232 325 2272 runt,
352 2227 507 2271 (Mitteil.
534 2227 595 2262 des
629 2228 825 2263 deutschen
851 2229 1008 2263 archaol.
1034 2229 1119 2263 lnst.
1145 2228 1182 2262 in
1206 2229 1327 2263 Athen
1351 2229 1437 2263 XVI
1462 2229 1576 2274 [1891]
1603 2240 1637 2273 p.
1657 2230 1735 2274 145)

233 2285 340 2319 etiam
366 2285 459 2319 cives
486 2285 664 2320 Romanos
697 2296 816 2321 omues
848 2297 913 2330 per
938 2286 1063 2321 Asiam
1088 2286 1309 2330 provinciam
1344 2287 1580 2322 consistentes
1611 2296 1734 2321 conso-

234 2342 345 2376 ciatos
371 2342 482 2376 fnisse
507 2352 578 2376 non
603 2348 764 2386 apparet.

347 2398 374 2442 2)
401 2399 674 2434 concedendum
707 2405 761 2434 est
785 2400 853 2434 hoc
878 2400 915 2434 in
940 2399 1089 2443 Belgica
1119 2399 1272 2435 fortasse
1306 2410 1377 2434 non
1409 2400 1533 2435 eodem
1564 2404 1733 2445 tempore,

233 2466 301 2499 quo
327 2457 363 2489 in
388 2456 647 2500 Lugudunensi
674 2463 780 2501 atque
806 2458 843 2492 in
869 2457 1085 2501 Aquitania,
1116 2457 1251 2491 factum
1282 2468 1377 2502 esse,
1409 2457 1495 2501 quia
1518 2462 1734 2493 mercatores

232 2512 411 2547 Romanos
437 2514 654 2556 posteriores
680 2514 716 2548 in
735 2514 920 2557 Belgicam
945 2514 1084 2548 venisse
1111 2514 1244 2548 Caesar
1269 2513 1356 2548 dicit
1373 2514 1410 2548 in
1427 2513 1508 2548 bell.
1527 2514 1609 2557 gall.
1627 2514 1650 2548 1.
1667 2514 1685 2548 Ι
1704 2517 1732 2549 1.

233 2571 351 2613 Atque
378 2570 485 2604 etiam
510 2571 588 2605 fieri
613 2576 748 2616 potest,
774 2577 813 2606 ut
836 2572 887 2606 ibi
911 2582 968 2606 res
994 2571 1101 2615 paulo
1127 2571 1232 2606 aliter
1256 2582 1293 2606 se
1319 2571 1503 2616 habuerit,
1534 2572 1621 2616 quia
1645 2571 1734 2607 Ger·

232 2627 371 2662 maniae
398 2639 477 2663 cum
505 2630 654 2674 Belgica
679 2630 889 2665 coniunctae
917 2635 1029 2665 erant.
