1907 2905
753 146 1030 185 „63-

139 280 243 306 anno
273 266 473 317 710s441)
505 280 528 305 a
561 267 728 306 Caesare
759 268 973 306 Corinthus
1011 268 1165 308 colonia
1206 271 1379 310 deducta
1414 283 1543 310 rursus
1578 285 1635 310 re-

138 337 328 374 ficeretur.

250 405 335 441 Iam
365 416 456 441 vero
497 403 667 442 ceteris
704 415 893 453 quoque
935 404 1075 442 maris
1107 407 1287 456 Aegaei
1327 406 1498 445 insulis
1535 419 1635 456 quae

139 471 312 510 similiter
341 485 387 509 ac
419 473 539 510 Delus
571 472 781 510 commode
811 479 1110 522 opportuneque
1135 482 1375 513 mercaturae
1405 475 1499 513 sitae
1530 483 1636 513 erant

139 539 407 590 plurimaeque
446 552 599 578 summa
639 539 831 578 fertilitate
870 540 1086 587 florebant,
1132 540 1298 579 victores
1346 543 1395 580 ad
1435 542 1637 581 domicilia

141 608 374 646 collocanda
403 607 684 646 alliciebantur.
737 607 853 646 Lesbi
885 607 1045 658 quidem
1077 616 1114 646 et
1148 607 1388 659 Mytilenis2)
1420 618 1456 649 et
1486 611 1638 660 Methy-

142 673 299 725 mnae3)
332 675 503 714 Romani
536 676 680 726 negotii
710 682 885 726 gerentes
917 676 1154 726 consociati,
1187 676 1226 714 in
1257 679 1352 715 urbe
1382 678 1508 727 primo
1546 681 1636 716 loco

139 743 342 782 nominata
371 743 449 781 iam
482 743 721 793 temporibus
752 744 895 782 liberae
924 745 979 782 rei
1010 745 1192 793 publicae
1218 746 1448 785 habitabant
1478 748 1631 785 eadem-

139 825 215 862 que
253 820 377 851 aetate
417 811 568 860 Chii4),
617 813 783 862 Augusti
820 813 1059 862 temporibus
1102 813 1176 851 Coi
1189 812 1233 863 ⁵),
1283 816 1355 852 sub
1401 814 1633 864 imperatore

139 881 307 920 Claudio
348 878 535 931 Rhodiss).
598 881 677 919 Sed
714 881 902 930 Septimio
942 883 1084 919 Severo
1125 882 1284 920 demum
1329 895 1433 921 anno
1486 884 1562 923 195
1595 896 1631 932 p.

139 951 231 990 Chr.
262 964 300 989 n.
333 951 536 989 dedicatus
576 957 634 988 est
671 950 732 988 ille
771 950 904 988 titulus
937 950 1132 989 Cretensis
1175 950 1321 988 civium
1357 953 1634 988 Romanorum

140 1019 343 1068 Gortynae
380 1016 730 1063 consistentium7).
799 1019 915 1057 Creta
954 1018 1056 1056 enim
1103 1018 1348 1068 temporibus
1394 1018 1538 1057 liberae
1585 1018 1639 1055 rei

137 1086 317 1136 publicae
345 1094 502 1136 propter
531 1086 820 1124 multitudinem
851 1086 1084 1136 piratarum,
1125 1086 1191 1134 qui
1223 1086 1278 1124 ibi
1319 1084 1636 1135 considebant⁸)‚

138 1168 218 1192 non
248 1162 329 1193 erat
359 1168 405 1193 ea
435 1162 556 1202 terra,
596 1166 716 1204 quam
757 1154 942 1192 idoneam
980 1162 1236 1200 mercaturae,
1281 1155 1343 1192 cui
1385 1154 1636 1204 potissimum

137 1229 242 1261 tutae
271 1230 512 1272 pacataeque
541 1223 717 1273 regiones
748 1234 847 1272 opus
879 1230 980 1269 sunt,
1013 1222 1187 1260 Romani
1209 1229 1316 1260 extra
1336 1222 1494 1260 Italiam
1520 1234 1636 1270 quae-

139 1297 240 1328 stum
270 1290 454 1329 facientes
487 1291 621 1329 sedem
652 1291 725 1329 sibi
755 1291 980 1341 deligerent.

251 1360 334 1397 Iam
365 1359 517 1408 pridem
549 1366 679 1396 autem
717 1357 968 1397 Graeciam
1005 1358 1172 1407 ipsam,
1212 1369 1453 1407 quamquam
1488 1358 1641 1396 deserta

138 1440 186 1465 ac
216 1434 342 1466 vetere
364 1426 652 1477 magnificentia
682 1426 904 1476 opibusque
937 1438 1070 1464 carens
1101 1426 1141 1463 in
1173 1438 1327 1464 summa
1350 1433 1531 1476 egestate,
1564 1425 1634 1464 etsi

140 1494 304 1534 victores
335 1496 369 1534 ei
401 1496 514 1533 valde
543 1495 756 1544 parcebant
788 1494 969 1544 varieque
999 1493 1118 1532 etiam
1149 1507 1238 1532 eam
1273 1494 1522 1542 adiuvabant,
1555 1506 1636 1532 ver-

140 1564 306 1610 sabatur,
339 1572 482 1610 tamen,
516 1564 607 1612 quia
637 1572 719 1602 tam
751 1564 962 1601 commode
982 1563 1126 1601 Italicis
1157 1563 1234 1601 sita
1255 1571 1346 1608 erat,
1380 1563 1639 1613 negotiatores

140 1629 482 1682 occupaverant9).
543 1633 647 1670 Nam
679 1631 811 1682 Argis,
854 1644 955 1681 quae
985 1632 1079 1669 urbs
1126 1632 1165 1669 in
1197 1631 1469 1669 auctoritatem
1500 1638 1538 1668 et
1569 1643 1639 1680 po-

140 1699 300 1737 tentiam
333 1699 511 1737 Corinthi
551 1700 701 1738 deletae
741 1699 974 1737 successisse
1011 1698 1187 1742 videtur,
1229 1699 1455 1737 societatem
1488 1698 1642 1735 Italico-

140 1781 224 1807 rum
255 1770 459 1808 florentem
490 1769 567 1807 iam
600 1769 765 1818 septimo
799 1769 955 1806 saeculo
986 1781 1020 1807 a.
1044 1780 1081 1807 u.
1105 1781 1139 1805 c.
1173 1767 1290 1805 fuisse
1325 1778 1370 1804 ex
1401 1766 1518 1803 titulis
1551 1778 1644 1803 con-

141 1844 228 1877 stat.
278 1839 460 1886 Quorum
488 1836 628 1886 un010)
659 1834 846 1884 »Italiezg
870 1835 965 1890 quei
984 1835 1133 1884 Aryeis
1155 1834 1442 1889 neyotiantur«
1471 1836 1521 1884 Q.
1546 1836 1643 1873 Cae-

191 1962 196 1967 ·
257 1949 284 1989 ¹)
309 1947 523 1990 Hertzberg,
551 1946 618 1981 Die
638 1946 765 1980 Gesch.
787 1946 1069 1981 Griechenlands
1094 1951 1198 1980 unter
1216 1946 1247 1980 d.
1267 1945 1436 1979 Heri-sch.
1457 1944 1488 1978 d.
1506 1944 1645 1978 Romer.

143 2003 168 2037 I.
195 2015 228 2048 p.
247 2006 315 2039 460
333 2014 384 2047 sq.

256 2060 286 2104 2)
312 2059 388 2095 CIL
412 2060 464 2094 III
488 2063 556 2095 455
581 2063 677 2104 (app.
704 2071 736 2094 n.
756 2063 827 2103 48).

257 2117 286 2160 3)
313 2116 405 2151 Bull.
432 2117 475 2152 de
500 2127 569 2152 cor.
595 2116 687 2151 Hell.
719 2116 769 2150 IV
799 2127 833 2161 p.
851 2120 917 2152 433
949 2120 1046 2161 (app.
1074 2128 1105 2151 n.
1125 2120 1194 2156 49).
1251 2116 1395 2150 Mitteil.
1429 2115 1460 2150 d.
1487 2115 1646 2150 (leutsch.

142 2173 296 2208 archaol.
323 2173 409 2208 Inst.
434 2185 462 2207 z.
489 2173 609 2208 Athen
634 2174 683 2207 XI
709 2176 827 2215 (1886)
853 2185 885 2218 p.
904 2175 970 2209 287
999 2179 1094 2218 (app.
1122 2185 1154 2208 n.
1173 2178 1246 2217 50).

254 2231 284 2273 4)
311 2230 409 2264 CIGr
439 2232 529 2265 2222
555 2246 597 2261 ==
624 2231 887 2275 Dittenbergcr,
928 2231 1068 2275 Sylloge
1107 2231 1211 2266 inser.
1247 2230 1306 2264 Gr.
1342 2230 1356 2263 I
1390 2241 1422 2263 n.
1448 2229 1514 2263 27ss
1547 2235 1641 2271 (app.

143 2297 175 2320 n.
193 2289 260 2328 51).
310 2286 351 2320 cf.
380 2287 487 2321 etiam
512 2288 604 2331 App.
631 2288 710 2322 bell.
738 2287 932 2322 mithridat.
958 2289 1012 2323 47.

257 2344 285 2384 ⁵)
310 2343 423 2377 Paton
450 2343 519 2377 and
545 2343 674 2387 Hicks‚
701 2343 777 2378 The
812 2344 1043 2387 inscriptions
1077 2344 1115 2377 of
1137 2344 1204 2378 Cos
1231 2355 1263 2377 n.
1282 2347 1350 2378 344
1373 2344 1468 2387 (app.
1495 2353 1526 2375 n.
1548 2345 1645 2377 ma).

256 2401 286 2441 6)
311 2399 378 2434 1)ἰο
404 2400 499 2434 Cass.
518 2403 571 2435 60.
598 2403 651 2435 24.
771 2401 803 2441 7)
827 2401 918 2445 Eph.
939 2401 1049 2445 epigr.
1067 2401 1131 2435 VII
1157 2412 1189 2445 p.
1207 2404 1275 2435 425
1303 2411 1333 2433 n.
1353 2403 1372 2434 5
1405 2402 1500 2442 (app.
1529 2409 1559 2431 n.
1578 2401 1646 2438 522).

257 2460 286 2498 ὅ)
311 2456 517 2500 Mommsen,
544 2457 608 2491 Ru
633 2457 672 2490 16
697 2468 730 2500 p.
749 2460 825 2492 690.

256 2513 286 2554 9)
311 2512 382 2546 Cic.
401 2513 437 2546 in
454 2512 525 2547 Pis.
539 2516 594 2556 40,
613 2516 672 2558 96,
699 2512 792 2547 Plut.
809 2513 909 2547 Sulla
927 2514 983 2556 173
1009 2514 1080 2547 Cic.
1100 2513 1143 2546 ad
1161 2513 1241 2545 fam.
1255 2512 1338 2545 XIII
1363 2513 1415 2552 173
1447 2511 1538 2553 App.
1570 2509 1647 2542 bell.

145 2570 261 2604 mithr.
278 2572 333 2613 45,
359 2569 419 2604 ubi
444 2570 539 2604 clves
558 2569 708 2604 Romani
726 2570 911 2615 Zacynthi,
937 2571 1032 2614 quod
1051 2569 1221 2614 oppidum
1242 2568 1287 2602 ad
1305 2568 1419 2601 sinum
1444 2565 1647 2599 Euboicum

144 2626 251 2661 situm
275 2624 385 2660 fuisse
410 2636 454 2660 ex
479 2627 594 2661 verbis
619 2627 803 2672 scriptoris
828 2633 989 2672 apparet,
1015 2627 1250 2662 consistentes
1275 2624 1483 2658 afferuntur.

243 2684 288 2728 ¹⁰)
319 2681 394 2718 CIL
418 2682 469 2717 ΙΙΙ
493 2685 555 2719 531
583 2686 679 2729 (app.
705 2695 737 2718 n.
754 2686 800 2729 2).
