1907 2905
765 115 1045 154 -29-

159 244 345 287 patronos
374 236 567 276 novimus.
613 239 828 275 Patronum
859 237 962 275 enim
997 243 1238 277 »conventus
1273 235 1463 292 Capuae«
1497 241 1652 280 Cicero-

159 318 248 343 nem
271 307 386 344 fuisse
406 306 490 355 ipse
511 313 647 344 auctor
667 304 782 355 est¹)‚
807 307 1026 356 eodemque
1047 307 1196 345 honore
1223 306 1353 345 »cives
1368 305 1561 356 Romani,
1586 306 1656 359 qui

158 369 399 424 Mqtc'leneis
430 372 719 425 neqotz'antur«
756 374 810 413 M.
834 373 994 422 Titium,
1027 375 1264 422 praefectum
1294 374 1440 423 elassis,
1472 375 1538 423 qui
1564 376 1651 414 Sex.

159 439 388 489 Pompeium
420 443 475 481 M.
509 442 670 480 Antonii
702 441 808 479 iussu
839 454 872 481 a.
906 440 1063 489 719s35
1095 439 1350 491 occiderat2),
1383 450 1419 480 et
1451 443 1554 480 cives
1574 445 1653 481 Ro-

158 507 263 545 mani
304 510 474 546 Beroeae
519 511 777 548 consistentes
822 522 900 547 una
941 521 1030 547 cum
1069 510 1218 548 civibus
1256 511 1369 548 huius
1410 511 1516 548 urbis
1560 511 1653 560 ipsis

157 577 202 615 L,
235 576 489 626 Calpurnium
522 577 728 627 Pisonem,
769 579 1046 627 proconsulem
1077 579 1339 617 Macedoniae
1370 592 1403 616 a.
1438 578 1593 627 697s57
1606 577 1650 629 3),

155 644 372 684 affecerant.

268 713 361 750 Hoc
391 712 506 763 igitur
537 714 660 752 modo
691 726 828 752 omnes
859 715 936 752 fere
968 713 1110 752 civium
1141 717 1414 753 Romanorum
1448 715 1651 754 societates

154 778 288 828 primis
319 781 584 829 temporibus,
631 781 772 830 quibus
815 783 1036 829 exstabant,
1081 783 1310 821 constitutas
1342 783 1458 821 fuisse
1488 784 1651 833 illasque

156 848 325 886 Orientis
356 849 542 897 plurimas
584 862 736 898 semper
774 849 830 887 sic
868 849 1106 898 compositas
1146 851 1404 899 permansisse
1434 852 1568 889 nescio
1599 865 1649 889 an

154 915 362 954 verisimile
407 916 466 954 sit.
545 918 622 955 Sed
668 918 874 955 nonnullas
920 926 1169 956 accrescente
1216 919 1463 957 multitudine
1512 928 1649 969 postea

154 983 273 1021 etiam
303 984 534 1022 decuriones
563 985 637 1022 sibi
665 985 824 1034 elegisse
853 998 899 1022 ex
928 985 1046 1023 titulis
1069 986 1223 1024 duobus
1246 986 1285 1024 in
1305 987 1401 1025 locis
1423 995 1459 1025 et
1478 988 1648 1026 Orientis

154 1058 191 1088 et
213 1051 454 1098 Occidentis,
479 1050 717 1102 Gortynae4)
740 1061 857 1101 atque
878 1053 1119 1102 Mogontiaci
1129 1051 1160 1103 5)
1183 1054 1355 1104 repertis,
1388 1056 1454 1103 qui
1484 1064 1649 1094 exeunte

154 1119 329 1157 secundo
367 1126 483 1168 atque
518 1119 630 1157 tertio
667 1120 823 1157 saeculo
864 1131 902 1168 p.
931 1120 1025 1159 Chr.
1056 1117 1136 1168 nst)
1180 1121 1311 1170 scripti
1352 1129 1462 1171 sunt,
1502 1135 1648 1172 cogno-

153 1186 282 1226 scitur.
344 1187 507 1224 Minime
547 1187 650 1224 enim
682 1189 933 1225 Mommseno
970 1187 1145 1225 assentiri
1184 1200 1344 1237 possum
1375 1189 1551 1228 Flavium
1583 1191 1647 1228 Ti-

151 1254 318 1301 tianum,
362 1255 429 1304 qui
461 1255 696 1304 Gortynensi
735 1256 774 1293 in
813 1255 925 1294 titulo
957 1268 1152 1294 summam
1185 1258 1385 1306 quandam
1426 1271 1497 1307 pro
1529 1259 1646 1296 decu—

150 1321 302 1360 rionatu
333 1334 404 1360 suo
434 1322 606 1360 intulisse
636 1322 795 1373 dicitur,
837 1324 1088 1362 decurionem
1131 1325 1236 1363 urbis
1278 1327 1478 1375 Gortynae
1516 1327 1644 1374 fuisse,

151 1403 230 1428 non
261 1390 454 1429 societatis
491 1391 634 1429 civium
667 1393 951 1430 Romanorum.
1014 1393 1117 1430 Nam
1155 1393 1381 1442 quomodo,
1425 1394 1455 1431 si
1493 1395 1546 1433 ita
1586 1409 1644 1434 res

151 1471 193 1497 se
222 1459 400 1505 haberet,
444 1466 485 1496 ut
525 1458 583 1496 vir
624 1459 877 1497 doctissimus
916 1458 1085 1506 iudicat.
1125 1473 1173 1497 ex
1204 1472 1358 1498 summa
1388 1461 1426 1498 in
1458 1463 1647 1501 aerarium

151 1527 255 1565 urbis
286 1526 406 1564 inlata
437 1527 541 1564 cives
563 1527 733 1564 Romani
764 1528 809 1567 L.
835 1527 1025 1577 Septimio
1061 1529 1206 1566 Severo
1236 1529 1460 1578 imperatori
1492 1531 1646 1570 titulum

150 1607 295 1644 ponere
324 1593 557 1644 potuerunt?
617 1597 821 1634 Praeterea
858 1595 907 1643 si,
950 1597 1017 1645 qui
1062 1597 1160 1634 ordo
1200 1597 1344 1634 civium
1376 1599 1646 1637 Romanorum

150 1663 393 1713 Mogontiaci
423 1663 557 1710 fuerit,
591 1663 779 1713 respicio,
811 1676 892 1701 non
923 1664 1086 1714 dubito,
1129 1665 1224 1714 quin
1256 1667 1458 1716 Gortynae
1488 1680 1646 1718 quoque

150 1731 346 1769 societatis
377 1731 475 1769 ordo
506 1731 733 1769 statuendus
765 1731 829 1777 sit,
864 1732 903 1769 in
934 1743 1054 1781 quem
1085 1732 1115 1770 si
1149 1733 1236 1782 quis
1266 1733 1495 1779 intraverat,
1528 1736 1645 1773 etiam

149 1799 292 1837 eodem
323 1799 447 1838 modo
479 1811 525 1837 ac
555 1799 594 1837 in
617 1799 839 1850 municipiis
870 1801 1114 1850 coloniisque
1144 1802 1299 1840 illorum
1330 1810 1551 1852 temporum
1579 1805 1645 1841 ho-

149 1866 346 1905 norarium
377 1867 581 1917 quoddam
614 1868 764 1906 solvere
795 1868 977 1907 debebat.

265 1935 455 1986 Singulari
495 1936 643 1973 ratione
680 1935 824 1974 civium
865 1939 1137 1975 Romanorum
1174 1938 1339 1977 societas
1378 1939 1418 1977 in
1450 1941 1549 1979 Delo
1587 1941 1644 1978 in-

265 2059 291 2099 ¹)
317 2056 387 2090 Cic.
414 2066 477 2100 pro
504 2056 593 2091 Sest.
619 2056 669 2090 IV
694 2059 725 2091 9.

261 2113 290 2158 2)
316 2113 393 2148 CIL
416 2113 467 2147 III
492 2117 559 2149 455
586 2115 682 2157 (app.
708 2125 740 2148 n.
758 2116 834 2157 48);
861 2113 902 2148 cf.
930 2115 998 2150 Dio
1025 2117 1123 2151 Cass.
1147 2119 1202 2152 49.
1230 2120 1280 2153 18.
1331 2118 1527 2163 Cichorius,
1552 2120 1641 2154 Rom

148 2170 220 2204 und
244 2170 416 2214 Mytilene
442 2182 475 2215 p.
492 2174 523 2205 8.

260 2227 289 2270 3)
313 2227 600 2262 Delacoulonche
626 2237 696 2262 rev.
716 2227 778 2262 des
797 2238 867 2263 soc.
887 2239 958 2263 sav.
985 2234 1035 2265 5a
1053 2231 1167 2275 (1858)
1185 2242 1218 2276 p.
1234 2233 1297 2267 791
1326 2243 1357 2266 n.
1372 2235 1416 2267 33
1433 2234 1527 2276 (app.
1547 2244 1579 2268 n.
1594 2235 1637 2276 8).

264 2285 292 2328 4)
317 2295 347 2318 v.
371 2285 514 2319 titulum
540 2295 649 2328 supra
674 2296 706 2328 p.
726 2287 769 2320 27
795 2285 874 2319 adn.
892 2289 913 2321 3
938 2287 1096 2322 allatum.

261 2343 288 2381 5)
313 2341 526 2386 Brambach,
553 2342 656 2377 CIRh
686 2345 771 2378 1067
797 2346 891 2388 (app.
918 2356 950 2379 n.
972 2348 1059 2390 120),
1088 2348 1175 2381 1130
1201 2347 1295 2391 (app.
1323 2357 1355 2380 n.
1377 2348 1462 2390 121).

259 2400 288 2442 ⁶)
315 2400 547 2444 Gortynensis
573 2399 698 2434 titulus
717 2400 846 2435 Severo
873 2402 1079 2446 imperatori
1105 2413 1136 2437 a.
1158 2406 1220 2438 195
1246 2414 1278 2445 p.
1296 2403 1375 2437 Chr.
1394 2414 1426 2436 n.
1452 2402 1636 2437 dedicatus

146 2460 200 2490 est
225 2460 332 2499 atque
351 2467 395 2490 ex
412 2457 549 2492 duobus
567 2458 921 2503 Mogontiacensibus
940 2473 1030 2497 unus
1049 2473 1078 2496 a.
1094 2464 1171 2506 276,
1197 2463 1287 2496 alter
1306 2462 1425 2495 Severi
1442 2461 1635 2495 Alexandri

145 2517 263 2547 aetate
290 2513 427 2556 positus
454 2519 518 2558 est,
544 2516 628 2558 quia
651 2516 744 2560 legio
763 2516 867 2551 XXII
892 2518 930 2552 in
956 2529 996 2553 eo
1015 2518 1283 2553 Alexandriana
1307 2518 1553 2561 cognominata
1571 2524 1634 2552 est.

145 2568 224 2603 Mos
249 2574 367 2604 autem
393 2569 592 2614 legionibus
617 2582 744 2607 nomeu
766 2572 1003 2618 imperatoris,
1030 2575 1090 2618 qui
1115 2580 1199 2609 tunc
1224 2574 1462 2618 principatum
1481 2574 1633 2618 tenebat,

145 2624 298 2659 addendi
324 2636 394 2660 non
420 2633 503 2662 ante
529 2627 750 2663 Caracallam
775 2629 964 2676 invenitur,
991 2631 1033 2665 cf.
1053 2630 1263 2673 Marquardt
1291 2630 1338 2664 St.
1359 2630 1399 2664 V.
1426 2630 1457 2663 II
1484 2642 1514 2674 p,
1534 2634 1609 2666 455.
