1907 2905
732 127 1008 166 -25„-

122 254 229 293 bium
260 253 352 303 ipsis
391 253 550 290 eosdem
593 263 725 289 muros
767 249 1073 301 inhabitabant„
1096 249 1362 298 inveniuntur3
1403 256 1540 288 contra
1577 249 1617 286 in

125 322 362 368 Occidente,
402 321 426 358 i.
459 333 492 360 e.
534 320 574 357 in
613 320 762 368 reliqua
793 317 946 363 Africa,
980 317 1195 367 Hispania,
1228 316 1372 363 Gallia⁷
1407 316 1616 365 Britannia,

126 389 338 428 Germania
369 389 555 437 terrisque
586 388 635 424 ad
659 386 883 424 Danuvium
915 385 1076 423 fluvium
1109 386 1202 432 sitis,
1235 398 1334 434 quae
1355 385 1528 435 regiones
1551 397 1618 434 per

125 460 329 496 Romanos
359 469 382 494 a
412 457 491 494 fera
522 455 741 505 agrestique
773 453 853 492 vita
883 454 935 491 ad
967 454 1182 491 humanum
1216 454 1363 491 cultum
1387 453 1619 502 civilemque

124 526 432 574 deducebantur,
463 525 572 562 locus
605 530 685 560 erat
715 534 847 560 earum
881 522 1243 571 congregationum,
1277 534 1376 570 quae
1410 521 1532 571 magis
1565 522 1618 558 vi-

125 605 262 631 corum
292 593 414 630 modo
446 591 627 630 conditae
659 591 830 628 celeriter
863 591 1107 639 crescebant,
1150 598 1192 627 ut
1222 590 1326 627 nulla
1358 590 1432 627 alia
1471 602 1510 627 re
1547 588 1618 626 nisi

122 662 204 699 iure
234 660 351 707 urbis,
385 671 465 709 quo
498 659 570 709 ipsi
602 659 809 703 carebant‚
846 670 869 694 a
901 657 1066 695 coloniis
1097 657 1396 707 municipiisque
1427 657 1618 695 Romanis

123 730 316 768 abessent.

138 800 141 802 “
236 798 281 833 In
311 794 370 833 his
401 807 493 833 vero
529 795 637 832 terris
679 793 905 844 provinciae
946 793 1022 831 iarn
1064 795 1304 843 temporibus
1345 793 1397 831 rei
1439 794 1619 843 publicae

122 865 266 902 liberae
297 872 434 913 captae
464 864 707 912 urbibusque
738 865 799 901 vel
829 862 1001 900 Romani
1034 864 1093 900 vel
1126 863 1230 900 latini
1262 862 1353 900 iuris
1385 875 1464 900 non
1496 863 1618 899 multo

124 940 214 981 post
243 933 509 981 frequentatae
541 930 752 980 (Hispania
781 930 937 968 ulterior
968 938 1004 968 et
1038 930 1202 979 citerior,
1237 931 1365 969 Gallia
1387 930 1619 967 Narbonen-

124 1001 187 1048 sis,
221 999 438 1048 Dalmatia)
470 1000 733 1049 segregandae
764 1007 851 1036 sunt
882 1000 932 1036 ab
964 999 1017 1037 eis
1048 998 1168 1048 terris,
1201 1010 1301 1047 quae
1331 998 1486 1036 ineunte
1517 999 1620 1047 prin-

126 1068 254 1117 cipatu
284 1067 324 1105 in
357 1068 553 1106 dicionem
586 1070 809 1105 Romanam
842 1069 1051 1105 veniebant
1083 1080 1303 1117 magnaque
1333 1079 1380 1105 ex
1412 1073 1521 1116 parte
1553 1078 1621 1114 pa-

123 1149 196 1186 gos
225 1135 412 1185 vicosque
442 1135 657 1173 retinebant
689 1136 779 1184 (tres
802 1136 966 1182 Galliae,
1000 1135 1210 1181 Britannia,
1242 1134 1455 1172 Germania
1486 1141 1622 1171 terrae³

126 1216 203 1253 que
232 1204 283 1241 ad
314 1204 538 1241 Danuvium
577 1203 702 1252 sitae).
765 1205 853 1240 Hac
896 1203 1000 1241 enim
1041 1210 1165 1241 aetate
1205 1203 1245 1240 in
1285 1202 1359 1239 illis
1397 1200 1620 1251 provinciis,

128 1283 225 1320 quas
247 1271 374 1320 primo
405 1272 495 1309 loco
518 1271 702 1313 diximus,
735 1272 1058 1321 congregationes
1082 1270 1224 1308 civium
1249 1272 1519 1308 Romanorum
1541 1281 1623 1305 non

125 1340 203 1377 iam
242 1337 355 1376 nobis
388 1345 616 1385 occurrunt,
660 1340 751 1387 quia
782 1339 837 1377 ibi
868 1340 1028 1377 urbibus
1060 1337 1203 1376 Italicis
1240 1337 1332 1387 ipsis
1365 1337 1534 1375 conditis
1564 1349 1622 1374 re-

127 1409 226 1446 moti
257 1413 377 1446 erant.
442 1408 712 1455 Quamobrem
750 1407 790 1445 in
830 1407 936 1445 libris
968 1407 1200 1456 scriptorum
1242 1407 1334 1444 solis
1375 1407 1425 1444 de
1461 1406 1521 1443 his
1561 1417 1622 1442 so-

126 1475 343 1522 cietatibus,
377 1486 477 1524 quae
507 1476 585 1512 huc
616 1475 820 1524 pertinent,
854 1475 998 1514 tradita
1029 1482 1129 1514 sunt.
1194 1474 1272 1513 Sed
1313 1474 1351 1511 in
1391 1473 1435 1511 iis
1467 1473 1620 1519 finibus,

127 1555 225 1592 quos
256 1545 380 1582 altero
412 1544 502 1581 loco
534 1543 842 1592 nominavimus,
877 1543 1019 1581 civium
1052 1546 1326 1581 Romanorum
1357 1541 1624 1592 congregatio-

126 1624 194 1650 nes
225 1612 379 1650 duobus
418 1612 581 1649 saeculis
618 1611 753 1661 primis
794 1625 832 1661 p.
866 1612 956 1650 Chr.
991 1625 1028 1651 n.
1069 1612 1282 1658 florebant,
1324 1618 1366 1648 ut
1406 1624 1453 1648 ex
1493 1609 1622 1647 multis

131 1679 244 1717 huius
274 1680 411 1717 aetatis
443 1679 562 1717 titulis
593 1679 683 1716 satis
715 1680 849 1717 elucet.

243 1749 381 1796 Itaque
411 1748 488 1785 hoc
519 1746 723 1796 ponimus:
766 1747 804 1785 in
837 1748 1057 1786 Occidente
1085 1748 1155 1785 has
1187 1746 1507 1797 congregationes
1539 1747 1624 1795 plu-

128 1816 245 1854 rimas
276 1815 315 1853 in
346 1815 390 1853 iis
432 1816 539 1853 terris
571 1815 748 1864 reperiri,
791 1827 891 1865 quae
931 1808 1084 1865 semper
1123 1823 1315 1853 extremae
1355 1814 1505 1864 imperii
1546 1815 1624 1851 fue-

128 1883 203 1921 rint
232 1892 350 1933 atque
382 1885 451 1922 ubi
483 1892 549 1922 aut
580 1884 753 1922 Romani
784 1891 850 1922 aut
889 1885 997 1922 latini
1037 1885 1127 1923 iuris
1164 1886 1277 1923 urbes
1315 1885 1491 1922 nondum
1533 1882 1623 1919 satis

128 1953 274 1990 multae
306 1952 488 1990 conditae
520 1952 606 1990 sint.
671 1954 822 1990 Harum
860 1952 962 1990 enim
1002 1954 1091 1991 loco
1124 1954 1250 2002 primo
1290 1951 1621 2002 congregationes„

128 2026 265 2068 postea
304 2019 452 2068 oppida
491 2019 636 2057 civium
678 2022 949 2058 Romanorum
987 2033 1034 2058 ex
1076 2020 1150 2058 illis
1191 2028 1277 2058 orta
1316 2020 1459 2058 diutius
1500 2026 1624 2057 exsta-

133 2088 238 2133 bant,
273 2087 401 2125 donec
431 2088 511 2124 iure
544 2088 648 2125 urbis
681 2089 774 2126 dato
797 2088 1010 2138 municipia
1038 2096 1104 2126 aut
1134 2089 1310 2127 coloniae
1342 2089 1448 2138 ipsae
1478 2089 1622 2125 fierent.

130 2157 174 2193 In
207 2155 425 2193 Occidente
456 2155 569 2205 igitur
600 2169 671 2205 pro
703 2157 775 2193 illis
808 2156 978 2195 Orientis
1010 2158 1261 2207 collegiorum
1295 2157 1416 2194 modo
1453 2155 1490 2193 in
1521 2155 1624 2192 urbi-

129 2224 201 2261 bus
233 2223 456 2260 constitutis
489 2222 690 2261 societates
723 2224 914 2261 eiusmodi
946 2232 1065 2267 erant,
1099 2237 1200 2274 quae
1221 2232 1285 2262 aut
1316 2223 1421 2262 brevi
1443 2232 1508 2260 aut
1540 2222 1624 2260 (liu-

129 2291 203 2329 tius
227 2298 429 2330 manerent
450 2292 717 2341 paulatimque
740 2300 967 2340 crescerent,
993 2294 1125 2342 quoad
1149 2306 1187 2331 re
1211 2306 1300 2330 vera
1321 2293 1435 2330 urbes
1458 2298 1563 2329 erant
1579 2288 1621 2334 ¹).

253 2414 277 2455 ¹)
305 2411 500 2446 Mommsen
527 2412 561 2446 in
585 2413 704 2447 Herm.
731 2414 797 2447 VII
830 2425 862 2457 p.
886 2417 952 2449 322
984 2414 1087 2449 dicit:
1121 2424 1158 2448 es
1190 2413 1268 2447 sind
1296 2410 1622 2446 »Micrelms-tcaemle,

133 2470 174 2502 in
203 2469 313 2502 deren
340 2468 469 2503 Natur
495 2480 529 2502 es
554 2469 647 2514 lieyt,
674 2470 770 2503 nicht
795 2482 837 2503 zei
866 2470 1021 2509 dauern,
1052 2470 1130 2503 und
1155 2470 1363 2503 allmr‘ilelich
1388 2470 1426 2501 in
1452 2468 1510 2499 die
1537 2465 1623 2499 nolle

131 2525 408 2571 Entwickeluny
436 2526 704 2560 iffierzuleitenst

246 2582 321 2617 Hoc
347 2583 423 2617 loco
451 2583 495 2616 ad
520 2583 670 2617 similem
696 2594 770 2618 rem
797 2584 831 2617 in
858 2584 997 2618 urbium
1018 2583 1124 2618 medii
1150 2582 1243 2626 quod
1273 2581 1403 2615 dicitur
1421 2579 1497 2613 aovi
1516 2578 1622 2621 prim-

133 2639 245 2674 ordiis
271 2640 406 2674 animos
433 2639 615 2674 advortere
642 2640 778 2684 licebit,
812 2650 882 2684 qua
907 2640 950 2675 ‹le
984 2651 1020 2674 ro
1056 2644 1172 2673 tamen
1213 2639 1304 2672 inti-i·
1337 2637 1427 2670 viros
1460 2634 1622 2669 ‹lectissi—
