1928 2884
871 106 1147 145 ,20-

260 244 298 280 p.
332 230 443 277 Chr.,
487 242 565 279 quo
597 241 700 267 anno
742 228 1020 268 constitutione
1057 229 1326 269 Antoniniana
1366 244 1504 271 omnes
1547 241 1764 274 conventus

261 297 405 336 civium
437 300 711 336 Romanorum
752 298 929 335 sublatos
970 310 1054 336 esse
1093 297 1314 338 videbimus
1330 298 1374 350 ¹).
1445 302 1523 339 Sed
1553 302 1765 352 Thyatirae

259 380 363 405 anno
396 368 557 405 demum
590 368 670 406 215
693 379 729 415 p.
755 366 847 405 Chr.
881 375 1121 405 conventum
1153 366 1361 406 iuridicum
1394 381 1479 407 esse
1507 369 1763 408 constitutum

259 435 336 473 alio
368 448 416 473 ex
447 432 601 484 titulo2)
633 435 860 473 edocemur.
921 436 1061 484 Itaque
1092 435 1154 473 ille
1184 443 1404 475 conventus
1436 437 1582 476 civium
1615 440 1764 477 Roma-

258 516 399 542 norum
432 516 521 541 cum
555 510 751 541 conventu
782 503 950 542 iuridico
989 505 1198 542 cohaerere
1228 517 1309 543 non
1345 513 1474 555 potest
1511 505 1764 545 iudiciorum-

259 584 335 620 que
367 584 485 609 causa
516 571 717 609 institutus
750 584 830 609 non
862 580 937 620 est,
980 573 1050 611 sed
1087 573 1166 611 hoc
1197 573 1320 611 modo
1358 573 1587 613 universitas
1618 574 1764 613 civium

259 643 531 679 Romanorum
563 640 776 690 Thyatirae
807 641 1128 689 consistentium,
1169 642 1231 680 cui
1264 642 1509 692 praepositus
1540 649 1622 681 erat
1653 655 1762 681 cura-

258 716 327 753 tor,
361 710 645 758 comprehensa
676 722 758 747 esse
780 709 876 747 mihi
899 709 1062 748 videtur.
1116 711 1255 760 Neque
1283 723 1376 749 vero
1407 711 1518 749 aliter
1538 710 1760 761 explicandi

228 800 232 801 ⁷
264 785 353 816 sunt
398 782 638 815 »curatores
681 775 835 814 civium
874 775 1163 815 Romanorum
1205 785 1424 817 conventus
1459 776 1683 817 Helveticz'«
1722 779 1764 817 in

259 853 444 895 quattuor
474 845 593 884 titulis
624 845 840 884 Helveticis
852 843 882 895 3)
915 848 1235 895 commemorati,
1268 860 1289 886 e
1326 847 1468 898 quibus
1498 845 1640 897 unus4)
1682 860 1762 886 non

257 921 345 952 ante
376 921 543 952 aetatem
577 914 700 952 Marci
730 913 876 952 Aurelii
907 914 1116 964 inscriptus
1148 928 1232 953 esse
1262 922 1405 964 potest,
1437 915 1528 965 quia
1563 928 1664 968 »pro
1695 928 1762 954 sa-

259 979 341 1019 lute
372 980 740 1033 Auyustoram«
777 983 928 1033 positus
959 990 1027 1021 est.
1090 985 1204 1022 Haec
1234 982 1331 1022 ratio
1363 983 1626 1033 significandi,
1658 996 1760 1034 quae

257 1057 314 1088 est
349 1049 481 1088 »cives
512 1048 704 1088 Romani
731 1057 950 1089 conventas
983 1047 1208 1089 Helvetici«
1251 1063 1340 1089 cum
1383 1051 1448 1089 illo
1480 1052 1587 1101 apud
1619 1052 1762 1090 Caesa-

259 1131 341 1156 rem
363 1130 435 1156 usu
457 1119 659 1168 loquendi,
692 1118 759 1157 ubi
781 1118 1012 1157 dicebantur
1047 1117 1159 1157 »aias
1184 1124 1403 1158 conventus
1426 1118 1531 1157 cives
1552 1117 1756 1158 Romani«

257 1195 294 1225 et
329 1185 460 1225 »cives
493 1185 698 1235 Romani,
733 1186 805 1239 qui
838 1185 926 1225 etus
958 1192 1180 1226 conventus
1213 1193 1382 1236 erant«,
1421 1189 1522 1227 bene
1553 1189 1760 1229 confertur.

257 1257 327 1294 Est
358 1256 399 1293 id
431 1256 580 1305 solum,
623 1257 731 1306 quod
764 1256 916 1295 differat
955 1256 1054 1295 inter
1090 1258 1195 1295 hunc
1234 1266 1474 1296 conventum
1509 1259 1760 1296 Helveticum

256 1324 421 1373 illosque
455 1326 767 1375 Syracusanum,
808 1327 1131 1373 Cordubensem,
1170 1326 1417 1374 Uticensem,
1457 1327 1565 1376 quod
1601 1326 1666 1365 hic
1696 1339 1763 1365 co-

256 1406 429 1443 gnomen
461 1394 576 1433 trahit
605 1407 684 1432 non
713 1396 763 1433 ab
794 1396 889 1433 urbe
919 1394 1120 1444 oppidove
1151 1395 1295 1445 aliquo,
1329 1396 1399 1434 sed
1429 1409 1451 1433 a
1481 1402 1607 1446 gente,
1641 1407 1761 1445 quarn

257 1473 341 1499 rem
386 1461 568 1512 singulari
614 1470 713 1501 statu
760 1462 1050 1512 provinciarum
1090 1463 1306 1501 Galliarum
1351 1464 1629 1514 explicandam
1677 1476 1762 1502 esse

258 1537 398 1578 postea
434 1530 802 1569 demonstrabimus.
871 1530 1038 1568 Morelio
1069 1539 1200 1569 autem
1232 1531 1271 1569 in
1301 1531 1360 1569 his
1392 1532 1512 1569 titulis
1544 1539 1761 1570 conventus

257 1597 534 1636 iurisdictionis
575 1599 655 1636 vim
695 1600 838 1637 habere
879 1597 1086 1649 videturf’).
1168 1601 1274 1637 Nam
1315 1600 1345 1637 si
1387 1607 1605 1638 conventus
1642 1600 1762 1638 etiam

259 1665 324 1704 hic
353 1680 497 1705 nomen
532 1667 658 1717 ipsum
691 1667 1004 1718 congregationis
1033 1675 1143 1715 esset,
1176 1670 1280 1707 hanc
1315 1673 1578 1706 »conventum
1611 1667 1763 1707 civium

258 1731 543 1773 Romanorum
582 1734 625 1773 in
666 1733 880 1773 Helvetia«
926 1736 1113 1786 appellari
1154 1749 1314 1776 necesse
1352 1749 1436 1776 esse
1475 1745 1618 1777 censet.
1681 1738 1761 1777 Sed

258 1802 289 1840 si
327 1803 437 1841 illum
477 1804 655 1843 Caesaris
696 1817 810 1843 usum
852 1806 1040 1854 loquendi
1082 1805 1329 1856 respicimus,
1376 1814 1511 1844 nostra
1551 1806 1760 1858 explicatio

257 1873 382 1911 multo
414 1874 654 1923 probabilior
685 1882 753 1922 est,
786 1875 1014 1925 praesertim
1043 1887 1132 1913 cum
1156 1875 1430 1914 Helvetiorum
1453 1875 1652 1914 civitatem
1673 1888 1761 1926 pro·

256 1942 380 1991 prium
414 1951 654 1981 conventum
685 1943 892 1981 iuridicum
925 1944 1042 1982 fuisse
1072 1945 1188 1993 plane
1218 1943 1456 1994 ignoremus.

370 2011 526 2060 Quibus
577 2012 761 2050 omnibus
810 2013 901 2050 satis
944 2012 1038 2050 mihi
1079 2013 1339 2051 demonstrari
1380 2012 1552 2060 videtur,
1600 2011 1761 2051 nomine

256 2088 471 2118 conventus
503 2080 542 2118 in
573 2082 762 2129 formula,
803 2082 852 2120 de
884 2094 963 2132 qua
999 2082 1240 2132 quaerimus,
1283 2094 1528 2132 quamquam
1565 2080 1760 2131 principio

255 2149 419 2187 fortasse
465 2161 513 2187 eo
563 2150 709 2188 civium
755 2152 1031 2189 Romanorum
1078 2151 1289 2189 multitudo
1339 2151 1509 2201 singulas
1563 2150 1604 2187 in
1645 2150 1760 2188 urbes

371 2295 397 2337 1)
422 2293 501 2328 vide
527 2294 620 2328 infra
645 2294 702 2328 fin.
730 2294 843 2338 partis
870 2295 1009 2329 tertiae.

369 2351 395 2395 2)
422 2351 464 2385 cf.
490 2351 582 2385 Bull.
609 2351 651 2385 de
679 2361 748 2385 cor.
775 2352 868 2385 Hell.
894 2352 928 2385 X
954 2363 986 2396 p.
1004 2355 1074 2387 404
1091 2357 1166 2395 sq‘q.
1194 2356 1228 2386 et
1252 2363 1285 2396 p.
1303 2354 1370 2387 417
1389 2362 1466 2395 sqq.

369 2409 396 2452 3)
422 2408 621 2442 Mommsen
646 2409 751 2443 inser.
771 2409 872 2443 Helv.
896 2412 959 2444 133
978 2410 1073 2453 (app.
1093 2420 1125 2444 n.
1147 2411 1241 2453 108);
1272 2412 1335 2444 122
1353 2411 1448 2453 (app.
1474 2420 1506 2443 n.
1528 2409 1623 2454 109);
1648 2409 1757 2443 Asso·

255 2465 387 2499 ciation
412 2475 475 2509 pro
503 2465 675 2499 Aventico
702 2465 794 2499 Bull.
820 2465 871 2499 ΠΙ
904 2467 1018 2509 (1890)
1050 2477 1083 2510 p.
1107 2468 1244 2500 48—50
1274 2468 1369 2510 (app.
1401 2477 1434 2500 n.
1461 2456 1571 2510 111);'
1589 2464 1665 2500 CIL
1689 2465 1758 2499 XII

255 2525 344 2557 2618
370 2523 464 2566 (app.
490 2533 522 2555 n.
544 2524 630 2566 110).

367 2580 396 2623 4)
420 2578 617 2613 Mommsen
642 2579 749 2613 inser.
775 2578 877 2613 Helv.
907 2581 979 2614 133.

368 2638 396 2681 5)
420 2637 443 2671 l.
469 2637 490 2671 1.
516 2648 550 2681 p.
568 2640 622 2672 34.
