1907 2905
170 274 280 306 tates
311 274 572 306 mercatorum
602 279 650 304 ex
673 265 831 305 Oriente
857 266 945 304 Deli
975 266 1283 314 consistentium,
1316 280 1414 316 quos
1446 268 1602 307 Italicos
1632 267 1672 306 in

184 335 354 386 collegio
385 335 607 373 ordinando
638 334 811 372 imitatos
843 346 926 371 esse
957 333 1083 382 putari
1113 342 1256 383 potest.

297 406 428 453 Atque
457 403 590 453 primis
619 410 709 452 post
739 401 904 440 insulam
938 401 1239 440 Atheniensibus
1278 403 1460 440 traditam
1493 402 1674 452 tempori-

183 473 256 510 bus
278 471 588 509 Hermaistarum
611 469 817 520 collegium
842 469 1049 507 conditum
1073 482 1155 507 esse
1177 469 1447 518 antiquissimo
1477 469 1542 507 illo
1564 469 1674 507 titulo

184 540 476 589 comprobatur,
508 551 587 588 quo
619 551 684 576 sex
714 537 886 588 magistri
911 536 1106 574 Mercurio
1138 544 1174 574 et
1195 537 1323 575 Maiae
1354 538 1403 575 de
1434 549 1505 575 suo
1527 537 1675 574 donum

182 606 333 657 dant¹).
394 606 582 645 Libertini
613 605 728 652 enim,
761 614 803 643 ut
833 605 872 643 in
894 606 971 643 hoc
994 604 1116 654 titulo,
1139 604 1221 643 sine
1243 604 1477 655 cognomine
1496 604 1678 654 appellati

181 682 270 724 post
300 674 472 712 medium
510 674 719 724 septimum
758 674 962 712 saeculum
1000 685 1079 710 non
1117 669 1417 721 inveniuntur2).
1477 674 1678 710 Praeterea

184 743 264 781 duo
309 743 471 781 nomina
515 741 786 793 magistrorum
834 748 1044 779 occurrunt
1097 741 1251 779 duobus
1302 741 1342 779 in
1396 740 1677 790 antiquioribus

187 812 308 851 titulis
331 813 422 851 anni
444 812 642 861 574s180,
666 812 731 861 qui
754 811 791 849 in
814 810 1007 861 Apollinis
1028 811 1126 848 aede
1146 810 1432 859 reperiebantur
1442 806 1488 858 3).
1531 809 1680 856 Quant-

185 893 303 931 opere
333 888 462 919 autem
493 882 591 919 haec
623 881 788 918 societas
820 879 989 918 floruerit
1020 892 1066 917 ex
1098 877 1284 917 aedificiis
1321 876 1413 915 varii
1445 875 1592 927 generis
1630 877 1679 914 ab

184 961 229 987 ea
260 949 464 987 exstructis
495 948 605 986 facile
636 949 897 998 cognoscitur.
959 949 1061 985 Nam
1099 947 1236 984 aedem
1269 942 1525 993 Mercuri04),
1563 942 1680 992 porti-

185 1029 275 1055 cum
289 1015 320 1066 ⁵)
362 1018 583 1066 multasque
621 1023 766 1053 statuas
806 1015 940 1053 fecisse
980 1016 1052 1052 hos
1093 1013 1318 1063 accepimus
1403 1011 1593 1050 Aedificia
1635 1023 1680 1049 ea

185 1098 289 1132 vero,
314 1097 415 1134 quae
436 1084 538 1122 circa
561 1085 753 1133 templum
773 1083 955 1121 Mercurii
977 1083 1155 1121 facienda
1178 1088 1420 1123 curaverunt,
1442 1078 1682 1129 amplissima

187 1160 306 1202 atque
335 1152 584 1191 ornatissima
614 1151 729 1190 fuisse
760 1151 956 1191 videntur:
987 1150 1191 1189 ruderibus
1223 1149 1346 1195 enim,
1379 1160 1479 1198 quae
1510 1148 1680 1185 Franco-

187 1222 392 1260 Gallorum
424 1220 648 1259 effossiones
679 1220 953 1269 prodiderunt,
985 1219 1104 1257 hodie
1134 1230 1238 1256 nunc
1270 1218 1498 1262 illustratur,
1532 1222 1680 1265 quanta

186 1288 486 1339 magnificentia,
520 1295 667 1337 quanta
697 1287 847 1325 luxuria
878 1287 943 1325 illo
974 1288 1013 1325 in
1044 1288 1133 1324 loco
1164 1285 1256 1324 olim
1289 1292 1441 1323 versata
1473 1283 1519 1322 sit
1532 1281 1576 1332 6).,

303 1358 379 1395 Sed
411 1356 626 1407 posteriore
663 1363 787 1394 aetate
827 1354 919 1393 inde
959 1356 1009 1393 ab
1047 1354 1203 1392 ineunte
1243 1354 1318 1391 fere
1361 1352 1515 1391 saeculo
1556 1349 1682 1400 primo

187 1438 221 1466 a.
246 1426 337 1466 Chr.
358 1438 395 1463 n.
420 1424 731 1463 Hermaistarum
762 1423 970 1474 collegium
1002 1430 1160 1461 auctum
1192 1429 1249 1460 est
1280 1420 1506 1459 hominibus
1531 1419 1678 1468 Apolli—

185 1506 273 1531 nem
305 1501 423 1543 atque
450 1494 677 1542 Neptunum
708 1492 936 1538 colentibus,
970 1491 1022 1529 ita
1053 1499 1095 1529 ut
1127 1503 1205 1527 non
1237 1490 1363 1527 solum
1385 1486 1566 1526 Mercurii
1596 1499 1678 1524 rna-

174 1560 292 1611 -gistri
323 1560 549 1599 societatem
580 1561 909 1606 administrarent,
942 1560 1010 1597 sed
1042 1571 1118 1596 una
1150 1570 1240 1596 cum
1271 1556 1329 1594 his
1361 1556 1477 1594 etiam
1509 1554 1678 1605 magistri

186 1628 379 1678 Apollinis
411 1624 782 1677 (Ἀπολλωνιασταί)
814 1635 851 1665 et
874 1625 1047 1675 Neptuni
1069 1621 1474 1674 (Ποσειδωνιασταί).
1522 1624 1677 1660 Horum

186 1704 314 1734 autem
347 1697 509 1734 deorum
542 1697 707 1733 cultores
738 1694 855 1732 fuisse
885 1707 932 1732 ex
960 1701 1068 1743 parte
1091 1695 1265 1731 Graecos
1293 1704 1440 1741 eosque
1462 1704 1509 1728 ex
1530 1689 1680 1740 graecis

191 1764 324 1802 Italiae
352 1763 514 1802 urbibus
546 1763 744 1801 concludo
766 1776 813 1801 ex
835 1775 880 1800 ea
903 1776 954 1807 re,
987 1762 1097 1811 quod
1118 1760 1215 1798 inter
1239 1759 1452 1798 duodecim
1476 1759 1681 1809 magistros

189 1831 389 1877 Mercurii,
423 1830 634 1880 Apollinis,
667 1830 862 1880 Neptuni,
895 1829 962 1879 qui
994 1836 1195 1878 praeerant
1227 1827 1362 1865 maiori
1394 1826 1580 1877 collegio,
1613 1838 1682 1863 no-

189 1899 294 1937 mina
334 1900 486 1937 Graeca
531 1900 613 1936 sola
657 1897 860 1937 hominurn
907 1896 1095 1935 inferioris
1142 1895 1275 1934 Italiae
1321 1895 1572 1944 reperiuntur.
1638 1895 1681 1930 In

192 1967 302 2005 titulo
333 1965 435 2004 enirn
466 1966 557 2003 anni
579 1964 791 2015 680s747).
824 1978 943 2003 unum
967 1978 1110 2003 nomen
1132 1975 1316 2015 graecum
1348 1963 1444 2000 inter
1468 1961 1679 2000 duodecim

191 2044 334 2075 exstat:
384 2031 578 2088 Διογένης
615 2028 910 2086 Πρωτογέν[ου
955 2031 1056 2081 υἱὸς]
1095 2028 1340 2083 Ἡράκλειος.
1404 2032 1521 2068 Hunc
1561 2030 1681 2066 Hera-

189 2105 355 2142 cleota'm
386 2110 515 2141 autern
547 2102 663 2141 fuisse
695 2102 819 2140 civem
851 2101 956 2140 urbis
986 2113 1148 2151 graecae
1177 2099 1288 2137 huius
1312 2098 1483 2137 nominis
1514 2096 1551 2134 in
1574 2095 1683 2134 Italia

311 2215 337 2257 1)
363 2212 438 2247 CIL
462 2212 511 2246 III
540 2211 663 2255 Suppl.
682 2212 771 2246 7218
795 2226 836 2240 =
864 2210 956 2244 Bull.
983 2209 1024 2244 de
1052 2219 1078 2242 c,
1105 2208 1230 2242 Hell.I
1256 2218 1289 2251 p.
1306 2211 1371 2242 285
1397 2211 1489 2250 (app.
1517 2217 1548 2239 n.
1570 2206 1632 2245 11).

303 2271 331 2315 2)
356 2271 432 2305 Hoc
460 2269 658 2303 Mommsen
683 2268 803 2302 attulit
836 2268 870 2301 in
898 2267 1148 2301 commentario
1182 2266 1287 2300 tituli.
1339 2263 1497 2297 Homolle
1531 2260 1681 2304 lapidem

194 2329 311 2373 posuit
336 2327 430 2362 intra
455 2336 566 2360 annos
595 2328 773 2360 160-140
798 2335 828 2358 a.
855 2325 935 2359 Chr.
962 2336 993 2358 n.

307 2386 335 2428 ³)
360 2383 452 2418 Bull.
478 2383 520 2417 de
547 2393 574 2416 c.
602 2382 693 2416 Hell.
713 2382 759 2415 VI
786 2393 818 2426 p.
837 2386 880 2417 45
906 2393 938 2416 n.
961 2384 1032 2416 147.
1057 2384 1127 2416 148.
1178 2380 1330 2414 Nomina
1363 2382 1458 2412 suut:
1500 2375 1683 2409 Minacias

196 2444 322 2476 Scarus
348 2445 383 2475 et
408 2441 454 2475 L.
484 2440 636 2486 Oppius.
686 2438 728 2473 cf.
756 2438 916 2473 Homolle
935 2438 955 2471 l.
976 2438 995 2471 1.
1024 2449 1054 2481 p.
1075 2440 1178 2479 Ssssq.

306 2499 335 2541 4)
361 2498 437 2533 CIL
459 2498 511 2532 III
538 2496 766 2541 Supp1.7217
793 2498 886 2539 (app.
914 2506 945 2529 n.
968 2498 1030 2537 12).

308 2557 336 2598 ⁵)
362 2554 438 2589 CIL
460 2555 512 2588 III
539 2554 660 2598 Suppl.
679 2555 767 2588 7212
793 2554 886 2597 (app.
913 2564 944 2586 n.
968 2554 1032 2595 13),
1058 2552 1145 2585 7215
1171 2552 1263 2592 (app.
1291 2559 1320 2580 n.
1346 2549 1406 2587 15).

309 2613 339 2652 ὅ)
366 2611 626 2646 Describuntur
651 2611 694 2644 ab
722 2610 898 2643 Homollio
925 2608 1088 2643 aedificia
1114 2605 1264 2647 collegii.
1292 2604 1311 2637 l.
1331 2604 1350 2636 1.
1379 2614 1409 2645 p.
1432 2601 1615 2635 113—116.

311 2669 338 2713 ῑ)
364 2668 456 2704 Bull.
483 2667 525 2702 de
552 2678 580 2701 c.
607 2667 698 2702 Hell.
719 2667 799 2702 VIII
827 2678 859 2710 p.
883 2670 1027 2708 145sqq.
1053 2667 1147 2707 (app.
1173 2673 1204 2695 n.
1223 2664 1287 2701 21).
