1907 2905
805 151 962 189 ...81
1027 170 1076 176 ...

208 281 445 314 »curatores
475 280 759 311 veteranorum
791 278 827 311 et
859 271 1007 310 civium
1032 270 1358 319 Romanorum«,
1390 279 1552 322 tumque
1583 285 1691 311 more

204 343 356 381 militari
387 342 618 380 coniunctos
649 341 783 390 fuisse,
821 340 995 379 secundo
1026 340 1181 378 saeculo
1212 340 1310 378 duos
1342 341 1569 390 magistros,
1612 353 1690 390 qua

202 424 249 449 ex
276 424 316 448 re
346 412 510 449 eluceret
539 409 744 448 societates
775 409 967 447 eiusmodi
1004 408 1042 446 in
1075 409 1182 446 vicos
1219 421 1242 445 a
1273 408 1562 458 magistratibus
1599 409 1692 448 civi-

201 479 302 517 libus
331 486 457 516 rectos
488 490 697 516 conversas
733 490 815 515 esse
852 477 983 515 statuit
995 476 1038 525 l).
1100 478 1214 514 Haec
1252 484 1378 514 autern
1411 477 1575 515 Morelio
1612 490 1691 516 non

201 548 425 597 probantur,
448 546 555 595 quod
578 554 772 584 curatores
794 546 936 584 civium
958 548 1230 583 Romanorum
1252 546 1493 594 Mogontiaci
1516 547 1688 585 secundo

201 627 356 664 quoque
387 616 539 652 saeculo
569 627 604 664 p.
630 615 720 652 Chr.
744 627 782 654 n.
814 615 927 653 nobis
959 621 1165 652 occurrant
1198 613 1392 663 ceterique
1421 613 1520 651 tituli
1551 627 1574 651 a
1604 614 1688 652 viro

201 683 429 721 doctissimo
461 684 510 720 ad
542 683 638 720 illud
668 682 836 732 primum
868 682 1216 720 demonstrandum
1254 681 1358 720 allati
1394 682 1444 719 ad
1486 683 1690 721 societates

201 751 343 789 civium
375 753 645 789 Romanorum
678 762 889 800 earumque
928 758 1123 788 curatores
1153 762 1232 787 non
1263 750 1491 799 pertineant.
1553 751 1691 801 Neque

202 820 305 858 enirn
338 832 384 857 ex
414 827 684 858 veteranorum
723 819 918 867 collegiis,
957 818 1025 856 sed
1066 831 1112 856 ex
1154 818 1434 856 mercatoribus
1474 819 1524 856 ad
1565 827 1691 857 castra

200 888 525 935 consistentibus,
572 887 637 936 qui
676 887 790 936 primi
829 899 869 925 se
913 886 1203 932 coniunxerint,
1251 886 1334 924 illas
1383 886 1584 925 societates
1629 888 1689 926 vel

200 957 370 995 canabas
400 964 511 994 natas
540 968 624 994 esse
655 951 840 1003 censet2).

340 1027 477 1074 Itaque
517 1026 565 1063 de
605 1025 664 1061 his
704 1023 947 1073 potissimum
989 1023 1125 1069 rebus,
1172 1023 1221 1060 de
1260 1022 1401 1072 quibus
1444 1023 1541 1061 inter
1585 1023 1688 1062 viros

201 1093 450 1132 doctissimos
496 1093 655 1130 minime
698 1092 901 1137 convenit,
948 1104 970 1128 a
1009 1091 1151 1140 quibus
1195 1090 1310 1129 initiis
1355 1091 1430 1129 vici
1475 1099 1687 1131 castrenses

199 1162 362 1211 profecti
393 1160 487 1205 sint,
529 1168 718 1210 quantum
750 1172 912 1197 numero
943 1167 1059 1209 atque
1089 1160 1318 1197 auctoritate
1355 1160 1526 1198 veterani
1563 1161 1603 1198 in
1642 1161 1687 1199 iis

202 1229 410 1272 valuerint,
444 1241 656 1278 eorumque
688 1235 881 1266 curatores
912 1236 1042 1265 utrum
1073 1227 1191 1265 iidem
1223 1228 1382 1277 fuerint,
1415 1241 1461 1266 ac
1492 1236 1688 1267 curatores

199 1298 343 1335 civium
365 1298 635 1335 Romanorum
658 1297 707 1333 ad
736 1296 907 1346 legiones
938 1295 1243 1341 consistentium,
1276 1308 1411 1343 necne,
1443 1295 1537 1334 mihi
1568 1299 1686 1336 verba

199 1365 378 1404 facienda
409 1377 491 1403 esse
521 1365 715 1404 existimo.

342 1436 472 1483 Atque
516 1433 809 1482 antiquissimae
854 1431 1079 1469 huiusmodi
1129 1431 1332 1470 societates
1383 1432 1421 1470 in
1469 1433 1688 1472 Germaniis

199 1503 379 1541 conditae
417 1514 500 1540 esse
540 1501 719 1539 videntur
758 1511 969 1549 earumque
1015 1499 1140 1549 prima
1178 1501 1339 1538 fortasse
1381 1502 1688 1552 Mogontiaci.

198 1572 258 1609 Ex
289 1570 332 1608 iis
363 1570 466 1608 enirn
498 1569 634 1616 titulis,
667 1569 706 1606 in
737 1568 877 1617 quibus
907 1569 1004 1606 haec
1036 1568 1199 1606 societas
1231 1576 1449 1619 comparet,
1491 1570 1571 1608 duo
1611 1571 1688 1609 iarn

198 1639 325 1689 primo
356 1639 510 1677 saeculo
541 1652 578 1688 p.
609 1639 701 1677 Chr.
730 1651 767 1677 n.
800 1637 931 1686 scripti
963 1645 1072 1676 sunt:
1122 1637 1163 1684 is,
1197 1638 1262 1686 qui
1293 1650 1417 1688 nuper
1448 1640 1689 1690 Mogontiaci

199 1704 394 1757 prodiit3),
434 1719 550 1756 quem
584 1719 687 1744 anno
718 1708 770 1746 43
815 1705 946 1744 »cives
977 1703 1166 1743 Romani
1198 1706 1475 1746 manticulari
1511 1708 1689 1756 neyotz'a-

314 1817 342 1860 1)
366 1816 387 1849 l.
414 1816 435 1849 l.
461 1827 494 1860 p.
512 1818 588 1851 316.

311 1873 339 1917 2)
366 1873 496 1907 Contra
521 1873 777 1907 Mommsenum
810 1872 874 1906 Th.
900 1872 1020 1916 Bergk
1053 1873 1131 1915 (Die
1158 1873 1378 1917 Verfassung
1410 1885 1476 1909 von
1501 1875 1620 1910 Mainz
1653 1878 1689 1910 in

198 1931 391 1965 romischer
421 1930 517 1964 Zeit:
559 1930 692 1964 Westd.
724 1929 895 1964 Zeitschr.
930 1930 951 1963 l.
977 1930 998 1963 l.
1030 1941 1062 1974 p.
1086 1932 1296 1974 499—515),
1331 1932 1392 1974 qui
1424 1931 1564 1967 Morelii
1597 1943 1688 1967 com-

198 1987 449 2022 mentationem
475 1998 543 2021 non
570 1988 767 2031 inspexisse
793 1987 942 2031 videtur,
977 1987 1043 2022 etsi
1076 1988 1230 2022 canabas
1264 1998 1307 2022 ex
1339 1995 1585 2023 veteranorum
1619 1990 1687 2024 col-

199 2044 302 2088 legiis
328 2055 405 2079 esse
431 2050 534 2078 natas
560 2055 638 2078 cum
663 2044 880 2079 Mommseno
906 2044 1146 2079 demonstrare
1179 2050 1326 2080 conatus
1360 2052 1429 2090 est,
1462 2052 1580 2081 tamen
1612 2047 1688 2091 ipse

198 2111 339 2145 quoque
364 2102 491 2136 ceteris
517 2103 553 2136 in
578 2102 699 2145 rebus,
733 2112 824 2145 quae
851 2102 894 2136 ad
920 2102 1115 2146 principia,
1149 2103 1378 2147 incrementa,
1412 2103 1528 2138 exitus
1561 2104 1686 2138 harum

198 2158 407 2193 societatum
441 2159 639 2204 pertinent,
673 2159 931 2194 diversissimas
964 2159 1159 2194 sententias
1193 2160 1350 2204 protulit.
1416 2160 1503 2195 Cum
1537 2161 1686 2196 Morelio

200 2215 238 2248 id
256 2215 349 2259 quod
365 2216 562 2252 Mommsen
581 2217 622 2251 de
648 2217 793 2251 canabis
819 2227 839 2251 a
863 2217 1084 2252 curatoribus
1106 2222 1212 2259 atque
1231 2217 1409 2260 magistris
1428 2218 1534 2252 rectis
1552 2219 1687 2262 statuit,

199 2281 262 2306 suo
294 2273 370 2308 iure
403 2273 578 2318 improbat
609 2277 655 2318 (p.
679 2278 769 2318 508).
830 2275 994 2309 Ceterum
1025 2275 1136 2309 multa
1166 2275 1202 2308 in
1232 2275 1308 2309 eius
1334 2274 1592 2319 dissertatione,
1625 2276 1686 2310 irn-

199 2327 323 2370 primis
348 2328 446 2373 illud,
473 2329 565 2373 quod
591 2330 785 2374 municipia
810 2331 863 2365 vel
888 2331 1045 2366 colonias
1071 2331 1115 2365 ad
1139 2336 1258 2365 castra
1283 2331 1411 2365 stativa
1435 2341 1504 2365 non
1523 2342 1540 2366 e
1558 2333 1686 2367 civium

201 2382 439 2420 Romanorum
465 2387 695 2421 societatibus
728 2387 788 2421 sed
822 2398 865 2422 ex
897 2387 1142 2431 indigenarum
1170 2387 1255 2421 vicis
1289 2393 1366 2421 orta
1399 2398 1475 2422 esse
1507 2388 1688 2423 contendit

200 2443 245 2484 (p.
264 2444 473 2488 502—504),
506 2443 606 2478 valde
633 2444 851 2485 claudicant,
885 2445 968 2488 quia
1000 2445 1154 2479 canabas
1188 2444 1310 2479 eodem
1341 2445 1415 2478 fere
1447 2445 1547 2479 modo
1580 2451 1686 2489 atque

201 2503 339 2533 ceteras
365 2499 491 2533 civium
516 2500 755 2535 Romanorum
780 2502 815 2535 in
840 2502 988 2546 imperio
1014 2501 1306 2545 congregationes
1332 2501 1484 2535 crevisse
1519 2502 1685 2544 neglexit.

314 2556 342 2599 ³)
367 2556 409 2590 cf.
434 2556 468 2590 J.
495 2557 647 2592 Becker:
674 2558 745 2592 Zur
770 2559 1026 2603 Urgeschichte
1053 2569 1116 2593 von
1143 2558 1273 2601 MainZ,
1300 2557 1416 2590 Castel
1444 2568 1476 2590 u.
1504 2557 1685 2592 Heddern-

202 2612 313 2646 heim:
345 2611 572 2646 Jahrbncher
603 2613 634 2647 d.
661 2614 809 2649 Vereins
836 2626 863 2648 v.
892 2614 1130 2649 Altertumsfr.
1165 2615 1210 2647 im
1238 2613 1375 2647 Rheinl.
1403 2615 1444 2648 67
1473 2615 1588 2658 (1879)
1614 2625 1645 2658 p.
1665 2619 1683 2648 4

204 2671 297 2714 (app.
323 2680 355 2703 n.
378 2671 463 2713 117).

269 2733 413 2758 Berliuei-
434 2732 575 2759 Studien.
615 2734 694 2760 xlv.
734 2734 754 2760 l.
1395 2731 1416 2762 6
