1907 2905
808 115 1083 153 „69-

203 236 333 284 Quam
365 237 417 274 ob
448 248 528 273 rem
551 235 625 273 civi
647 238 844 282 Romano,
878 248 1117 286 quamquam
1147 247 1204 276 tot
1226 240 1446 279 commodis
1468 243 1691 281 commercii

201 304 407 351 fruebatur,
441 303 714 342 difficillimum
746 305 865 342 fuisse
897 312 1094 343 certamen
1125 307 1163 344 in
1193 308 1268 345 hac
1289 308 1489 357 provincia
1516 322 1603 347 cum
1635 311 1692 348 in-

201 371 352 422 digenis
383 370 630 409 manifestum
661 378 728 409 est.
781 372 859 409 Sed
889 372 965 409 iarn
998 373 1123 422 prima
1153 381 1277 412 aetate
1307 375 1545 425 principatus
1575 377 1691 415 etiam

200 439 253 477 ad
283 440 352 477 has
383 451 470 477 oras
510 446 743 477 mercatores
775 439 947 477 Romani
985 439 1132 478 maiore
1169 452 1331 479 numero
1369 455 1609 482 commeasse
1638 439 1692 482 vi-

202 505 399 556 dentur1),
448 507 553 544 unde
591 518 713 556 usque
753 507 804 544 ad
846 507 1000 544 Indiam
1044 505 1319 557 tendebant2);
1360 522 1450 547 nam
1489 511 1693 550 edocuisse

201 576 286 622 hos,
319 582 507 624 quantum
540 575 693 613 Charax
733 575 925 624 oppidum
964 587 1088 625 prope
1130 575 1256 613 sinum
1290 577 1486 615 Persicum
1525 579 1640 617 situm
1670 593 1693 617 a

201 643 311 681 litore
341 645 514 688 abesset,
553 643 700 681 Plinius
737 640 891 689 dicit3).
953 643 1145 681 Traianus
1189 657 1301 693 vero,
1345 656 1434 683 cum
1475 659 1509 685 a.
1546 648 1622 687 115
1654 661 1690 696 p.

201 711 293 749 Chr.
326 724 363 748 n.
404 711 702 760 Ctesiphontem
744 711 794 748 ad
833 710 980 760 Tigrim
1023 711 1212 759 venisset,
1254 711 1306 749 ibi
1348 712 1452 751 cives
1492 713 1693 753 Romanos

202 779 380 828 repperit,
411 786 452 816 ut
483 791 560 817 una
592 791 682 816 cum
713 778 863 816 Parthis
894 791 962 816 eos
992 779 1043 816 ad
1074 779 1282 817 concilium
1314 780 1598 832 convocaret4).

315 848 455 896 Neque
495 860 588 885 vero
628 847 724 884 illud
764 848 927 884 alterum
975 854 1092 896 caput
1134 847 1323 894 Orientis,
1372 856 1411 887 ut
1451 849 1503 887 ita
1549 851 1691 900 dicam,

202 915 496 953 Alexandria
527 915 720 965 Aegyptia
761 915 916 952 carebat
956 915 1141 953 societate
1184 915 1326 953 civium
1369 916 1691 967 Romanorum5),

201 984 359 1032 iamque
380 985 503 1021 multo
534 984 652 1033 prius,
684 995 802 1032 quarn
834 990 933 1020 terra
964 982 1000 1020 in
1034 982 1230 1021 dicionem
1255 986 1405 1021 Romae
1436 986 1595 1023 redacta
1622 994 1689 1023 est.

201 1052 237 1088 A
278 1050 583 1101 negotiatoribus
623 1051 726 1089 enim
765 1059 882 1100 atque
923 1050 1172 1088 naviculariis
1213 1051 1354 1089 Italicis
1394 1053 1485 1090 inde
1523 1054 1692 1092 maxime

201 1120 459 1165 frumentum,
506 1120 615 1169 quod
662 1130 916 1169 permagnum
962 1117 1137 1168 inprimis
1183 1120 1353 1157 Romam
1403 1123 1693 1170 exportabatur,

205 1194 469 1226 transvectum
500 1201 582 1225 esse
615 1187 819 1225 verisimile
849 1185 957 1235 estss).

315 1258 419 1294 Inter
452 1256 642 1294 Africae
680 1255 907 1305 provinciae
947 1255 1236 1304 proconsularis
1277 1257 1391 1294 urbes
1422 1258 1694 1306 Carthaginem

200 1325 337 1374 ipsam,
371 1324 480 1362 cuius
511 1324 616 1362 cives
648 1332 727 1362 tarn
759 1324 824 1361 diu
857 1324 906 1361 de
936 1335 1090 1361 summa
1121 1335 1247 1361 rerum
1281 1335 1371 1362 cum
1395 1325 1584 1362 Romanis
1616 1338 1693 1364 cer·

201 1400 396 1439 taverant,
439 1404 528 1430 cum
571 1392 727 1430 devicta
767 1400 885 1439 esset,
929 1392 1088 1430 Italicos
1129 1392 1273 1443 negotii
1315 1401 1489 1442 gerentes
1528 1394 1694 1443 primam

325 1550 351 1591 l)
378 1548 420 1582 cf.
447 1548 530 1583 Tac.
549 1549 641 1582 Ann.
659 1547 692 1581 ΙΙ
717 1551 770 1583 82.
799 1551 856 1582 14:
885 1547 1014 1581 »Forte
1040 1548 1282 1592 neyotiatores
1308 1548 1443 1581 vivente
1467 1548 1589 1582 adhuc
1609 1548 1695 1582 Ger-

203 1607 350 1641 manico
375 1606 490 1640 Suria
516 1606 648 1651 eqo-essi
673 1606 829 1638 laetiora
855 1605 900 1638 de
925 1603 1136 1638 valetudine
1162 1605 1238 1637 eius
1263 1604 1445 1638 attulere«

321 1663 348 1707 2)
374 1662 464 1697 Plin.
492 1663 535 1696 H.
563 1662 606 1696 N.
633 1663 682 1696 VI
709 1666 783 1698 101.
990 1662 1016 1705 3)
1042 1660 1126 1695 ibid.
1151 1660 1199 1693 VI
1228 1663 1301 1694 140.

315 1723 342 1758 ⁴>
368 1720 472 1754 Dion.
499 1720 596 1755 Cass.
622 1720 706 1764 epit.
733 1719 840 1763 Xiph.
866 1721 919 1753 68.
945 1722 999 1754 30.

322 1778 349 1818 ⁵)
377 1776 452 1811 CIL
478 1776 528 1809 III
562 1776 685 1820 Suppl.
711 1778 796 1811 7241
832 1777 924 1820 (app.
951 1787 983 1809 n.
1001 1778 1074 1820 95);
1106 1775 1197 1809 Bull.
1231 1775 1261 1808 d.
1295 1785 1322 1808 c.
1354 1775 1445 1809 Hell.
1472 1775 1554 1809 VIII
1580 1787 1612 1819 p.
1634 1778 1695 1811 107

201 1838 296 1878 (app.
323 1837 450 1878 n.96);
476 1833 519 1868 cf.
546 1834 652 1868 etiam
679 1833 774 1867 Suet.
802 1844 830 1866 v.
857 1834 947 1875 Aug.
976 1843 1003 1866 c.
1023 1835 1077 1867 98.

315 1891 344 1933 6)
369 1891 409 1925 In
434 1891 538 1926 titulo
564 1890 655 1925 Bull.
682 1891 725 1925 de
751 1900 819 1924 cor.
847 1890 938 1924 Hell.
958 1889 1042 1923 VIII
1070 1890 1132 1924 107
1159 1889 1386 1923 nominantur
1414 1886 1586 1928 Ῥωμαίων
1614 1889 1694 1921 ναό-

178 1994 181 1997 .
203 1948 327 1992 κληροι
353 1948 408 1980 καὶ
433 1948 594 1991 ἔμποροι.
644 1947 747 1981 Hunc
773 1946 916 1981 titulum
937 1946 1095 1990 Apollini
1113 1945 1259 1980 Deliaco
1286 1950 1530 1980 consecratum
1548 1945 1693 1988 eiusque

202 2005 238 2038 in
272 2004 402 2048 templo
437 2005 648 2039 collocatum
687 2004 900 2038 dedicabant
932 2003 1069 2046 Locho,
1108 2003 1181 2037 viro
1214 2002 1408 2037 Ptolemaei
1442 2002 1630 2045 Euergetis
1662 2002 1693 2035 II

203 2067 362 2106 cognato,
389 2062 483 2106 quia,
510 2073 587 2096 cum
606 2060 825 2095 Alexandria
852 2061 895 2094 ab
921 2071 961 2094 eo
987 2071 1069 2103 rege
1091 2065 1280 2103 caperetur
1298 2062 1342 2099 (a.
1363 2062 1526 2101 628s126)
1545 2059 1692 2092 salutem

203 2129 302 2153 suam
335 2119 592 2154 defendendam
627 2118 852 2161 suscepisset.
911 2117 1046 2151 Eadem
1080 2118 1152 2150 sere
1187 2121 1304 2150 aetate
1339 2116 1428 2150 alter
1461 2115 1584 2150 titulus
1619 2114 1692 2158 ipsc

203 2186 344 2220 quoque
378 2176 457 2211 Deli
494 2180 656 2220 repertus
694 2186 771 2209 cum
810 2180 929 2209 statua
954 2173 1174 2218 exprimente
1210 2173 1321 2206 virum
1347 2172 1477 2206 nudum
1515 2171 1548 2204 in
1579 2180 1693 2214 genua

202 2233 490 2277 procumbentem
516 2232 608 2275 (vide
634 2232 725 2266 Bull.
746 2231 778 2266 d.
798 2242 825 2265 c.
846 2231 937 2267 Hell.
952 2231 1037 2265 XIII
1056 2233 1172 2274 (1889)
1200 2241 1231 2274 p.
1254 2232 1429 2264 113—123
1456 2238 1531 2261 cum
1558 2227 1626 2261 tab.
1647 2227 1692 2267 II)

202 2289 340 2333 positus
367 2299 444 2324 esse
471 2288 619 2323 videtur.
675 2289 783 2333 Eum,
819 2289 878 2332 qui
905 2289 972 2323 hoc
1005 2298 1110 2332 opere
1144 2287 1402 2327 celebrabatur,
1435 2285 1534 2319 cuius
1567 2294 1691 2317 nomen

204 2356 271 2380 non
299 2350 475 2380 servatum
503 2356 579 2380 esse
606 2345 776 2389 dolemus,
803 2344 1006 2379 Hirschfeld
1027 2344 1179 2379 coniecit
1196 2343 1305 2377 fuisse
1322 2342 1361 2376 L.
1380 2341 1575 2383 Lucullum,
1603 2350 1691 2382 eum,

203 2403 263 2446 qui
299 2413 328 2436 a.
355 2403 481 2444 667s87
514 2403 768 2437 Alexandriam
802 2402 1015 2446 transvexit,
1048 2406 1086 2435 ut
1119 2411 1237 2443 regem
1264 2398 1416 2442 Aegypti
1449 2400 1690 2437 commoveret,

203 2466 243 2494 ut
277 2460 410 2494 Sullam
443 2460 603 2495 Athenas
636 2459 855 2494 obsidentem
888 2459 1001 2493 classe
1034 2458 1227 2491 adiuvaret.
1284 2454 1384 2497 Quod
1415 2453 1609 2486 Mommsen
1641 2450 1688 2490 (in

208 2516 460 2551 commentario
487 2517 606 2560 tituli),
632 2516 793 2560 quamvis
823 2520 947 2549 »acute
973 2515 1230 2559 excoyitatumu
1263 2511 1318 2553 sit,
1345 2507 1563 2552 comprobari
1588 2517 1688 2550 posse

203 2577 312 2616 negat
337 2572 578 2616 compluribus
605 2583 647 2608 ex
673 2573 808 2613 causis,
834 2582 983 2615 quarum
1010 2570 1218 2611 gravissima
1243 2567 1326 2600 mihi
1354 2575 1395 2599 ea
1423 2564 1569 2603 videtur,
1596 2562 1687 2605 quod

210 2632 282 2666 »ad
304 2630 487 2677 proelium
513 2631 665 2677 aliquod
691 2631 788 2663 ducit
815 2641 906 2674 opus
931 2628 1191 2661 statum-inmo.
