1907 2905
775 107 1053 145 —73—

170 228 263 267 saris
295 226 567 277 conferrent1).
628 230 683 267 Ut
725 229 773 266 de
804 228 955 267 civibus
987 232 1177 269 Romanis
1215 233 1254 269 in
1285 232 1404 282 Lycia
1444 234 1658 273 consisten-

168 297 270 335 tibus
300 297 543 346 accepimus,
582 295 634 333 ita
671 295 734 333 hic
774 308 932 346 quoque
972 310 995 334 a
1027 298 1149 336 Gallis
1190 299 1303 348 primi
1342 299 1530 339 interfecti
1570 309 1658 339 sunt

168 366 352 414 bonaque
382 376 517 402 eorum
549 364 710 413 direpta.
775 365 888 413 Quae
919 373 1121 403 narrantur
1163 367 1212 403 de
1251 367 1554 417 negotiatoribus
1586 370 1659 407 Ce-

167 432 258 471 nabi
288 432 328 470 in
359 433 574 470 Camutum
607 428 802 480 civitate2)
841 433 1057 481 eademque
1098 434 1146 470 de
1177 434 1327 472 civibus
1364 435 1467 484 apud
1499 436 1659 474 Aeduos

168 513 236 550 per
277 507 399 538 totam
441 500 637 538 civitatem
678 499 946 538 habitantibus
987 507 1023 538 et
1067 502 1260 539 Cabilloni
1301 510 1338 540 et
1377 501 1658 551 Novioduniss).

168 570 274 606 Inter
303 568 375 606 hos
406 567 666 617 potissimum,
699 567 766 617 qui
798 575 906 606 erant
936 569 1098 606 fratrum
1130 577 1247 617 atque
1268 570 1482 608 amicorum
1502 570 1661 609 nomine

167 649 214 673 ex
244 636 363 685 longo
393 635 578 685 temporis
610 635 737 684 spatio
775 647 864 673 cum
904 637 1051 685 populo
1084 638 1268 675 Romano
1307 637 1506 676 coniuncti
1544 646 1661 687 atque

167 717 289 754 prope
327 705 421 742 fines
461 704 729 743 Narbonensis
771 705 982 752 sedebant,
1032 705 1185 755 plurimi
1228 705 1398 744 Romani
1444 705 1661 745 constitisse

167 772 347 811 videntur
360 769 401 822 4).
456 774 660 810 Praeterea
690 772 894 810 societates
924 785 1058 811 eorum
1090 786 1137 811 ex
1169 773 1289 812 titulis
1322 774 1525 811 statuimus
1556 775 1659 823 apud

171 838 394 890 Ausci0s5),
428 837 728 889 Petrocoriosss),
765 838 1011 890 Santones7),
1045 839 1306 889 Helvetiosss).
1354 842 1472 891 Apud
1496 842 1661 880 Auscios

167 915 322 946 curator
361 908 503 946 civium
541 910 812 946 Romanorum
851 916 933 947 erat
972 908 1172 947 libertinus
1217 909 1398 959 quidam,
1446 910 1512 960 qui
1557 910 1660 949 idern

172 972 338 1015 »doctor
359 973 579 1024 librarius,
613 973 727 1013 lusor
759 973 1115 1014 latrunculorum«
1150 977 1385 1016 nominatur.
1451 979 1525 1016 Sed
1555 980 1662 1028 apud

168 1045 358 1083 Santones
398 1053 614 1083 curatorem
657 1044 877 1083 invenimus
924 1057 1031 1091 eum,
1079 1046 1145 1094 qui
1189 1054 1272 1084 erat
1317 1045 1474 1084 natione
1512 1047 1659 1092 Gallus,

167 1112 276 1150 cuius
307 1120 458 1162 patrem
490 1126 513 1150 a
544 1114 708 1151 Caesare
740 1120 806 1150 aut
842 1115 892 1150 ab
924 1116 1103 1163 Augusto
1142 1113 1339 1152 civitatem
1382 1114 1579 1164 accepisse
1617 1127 1663 1152 ex

166 1180 324 1218 nomine
348 1181 605 1219 concluditur.
639 1180 784 1230 quique
806 1181 967 1218 summis
988 1182 1204 1220 honoribus
1235 1182 1273 1220 in
1294 1189 1408 1232 gente
1435 1194 1515 1228 sua,
1549 1194 1661 1231 quae-

167 1248 280 1286 storis
323 1256 359 1286 et
396 1248 614 1298 vergobreti
658 1256 776 1298 atque
821 1249 1051 1287 sacerdotali
1098 1261 1255 1287 munere
1301 1251 1524 1300 perfunctus
1570 1258 1659 1288 erat.

167 1318 317 1366 Itaque,
351 1317 574 1366 praesertim
607 1327 695 1354 cum
728 1329 872 1354 nomen
914 1318 1131 1367 vergobreti
1170 1318 1275 1356 brevi
1314 1332 1336 1356 a
1368 1319 1556 1357 Romanis
1596 1332 1662 1357 no-

166 1383 270 1422 mine
300 1383 487 1434 praetoris
519 1391 730 1422 mutaretur
742 1381 774 1432 9)
806 1393 923 1435 atque
952 1387 997 1425 C.
1021 1386 1139 1424 Iulius
1167 1387 1339 1425 Marinus
1375 1385 1562 1439 »primus
1595 1399 1660 1425 cu-

170 1458 285 1490 rator
316 1449 464 1489 civium
498 1449 810 1489 Romanorum«
827 1450 874 1499 ¹0)
913 1461 1032 1499 esset,
1072 1454 1209 1492 horum
1244 1463 1481 1493 conventum
1513 1462 1660 1504 tempo-

167 1519 271 1558 ribus
302 1521 379 1558 fere
410 1519 573 1570 Augusti
607 1519 811 1557 conditum
843 1533 926 1558 esse
957 1529 1134 1570 apparet,
1168 1522 1272 1559 unde
1305 1523 1510 1568 docemur,
1541 1534 1658 1572 quarn

167 1588 338 1626 celeriter
376 1588 579 1638 provincia
611 1587 826 1637 Aquitania
866 1588 1076 1627 constituta
1115 1589 1218 1627 cives
1255 1591 1426 1628 Romani
1463 1602 1585 1640 usque
1623 1590 1660 1628 in

166 1663 357 1694 extremas
387 1656 538 1706 imperii
570 1655 740 1694 Romani
772 1664 900 1705 partes
931 1657 1090 1707 ingressi
1121 1655 1266 1706 simu).

282 1779 309 1819 ι)
335 1777 434 1811 Caes.
461 1777 539 1811 bell.
568 1776 648 1820 gall.
675 1777 742 1810 VII
767 1780 798 1812 3.
827 1781 861 1821 13
887 1780 941 1812 38.
966 1781 996 1813 9.
1204 1779 1231 1823 2)
1256 1778 1339 1813 ibid.
1366 1780 1432 1813 VII
1457 1783 1488 1815 3.
1518 1784 1546 1814 1.

281 1834 308 1877 3)
334 1833 417 1867 ibid.
444 1833 510 1867 VII
534 1836 595 1877 383
620 1837 682 1878 423
708 1837 763 1878 55,
789 1838 828 1879 ὃς
856 1835 898 1870 cf.
925 1835 993 1869 Dio
1021 1836 1117 1870 Cass.
1143 1839 1197 1880 40,
1223 1838 1276 1871 33.

282 1892 311 1931 4)
339 1891 438 1926 Caes.
465 1891 545 1925 bell.
572 1891 653 1934 gall.
679 1891 746 1925 VII
772 1893 826 1927 37.
851 1895 889 1928 3:
920 1906 935 1925 ›)
952 1893 1072 1927 Unam
1099 1905 1170 1928 esse
1193 1893 1443 1928 Haeduorum
1468 1896 1658 1931 civitatem.

171 1960 266 1993 quae
292 1949 527 1981 certissimam
558 1947 706 1982 Galliae
732 1950 921 1984 victoriam
948 1950 1130 1989 detine‹1t;
1159 1952 1235 1984 eius
1259 1952 1478 1985 auctoritate
1504 1952 1659 1996 reliquos

175 2006 361 2044 contineri,
380 2016 455 2049 qua
480 2005 656 2039 traducta
682 2006 797 2041 Iocum
817 2008 1037 2041 consistendi
1056 2008 1242 2042 Romanis
1260 2009 1294 2041 z'n
1315 2007 1442 2041 Gallia
1459 2020 1531 2041 non
1546 2010 1655 2052 fora«

281 2063 309 2105 5)
334 2061 419 2096 Rev.
438 2061 549 2105 epigr.
575 2061 621 2096 du
648 2062 733 2096 midi
759 2063 800 2097 de
830 2063 864 2097 la
882 2064 1018 2098 Franco
1044 2064 1057 2097 I
1081 2067 1126 2099 20
1144 2066 1260 2105 ‹1882›
1279 2075 1310 2098 n.
1329 2067 1395 2099 333
1413 2068 1505 2108 (app.
1525 2076 1555 2098 n.
1575 2067 1659 2106 106).

283 2120 311 2161 6)
337 2119 420 2153 ibid.
446 2119 462 2152 Ι
487 2122 508 2154 3
534 2121 649 2163 (1878)
675 2131 707 2153 n.
725 2123 778 2156 54.
805 2124 858 2156 55.
885 2123 928 2155 56
954 2121 1046 2165 (app.
1074 2132 1105 2155 n.
1129 2123 1326 2164 102—104).

282 2177 310 2218 ⁷)
335 2175 418 2210 ibid.
444 2176 476 2209 Η
502 2179 546 2211 54
571 2179 684 2219 (1889)
709 2188 741 2211 n.
760 2180 827 2213 780
853 2187 947 2222 lapp.
974 2189 1005 2212 n.
1027 2181 1115 2220 105).

281 2233 310 2275 8)
335 2233 549 2276 Mommsen,
582 2233 686 2268 inser.
720 2234 819 2269 Helv.
858 2238 921 2270 133
955 2238 1048 2279 (app.
1082 2246 1113 2269 n.
1145 2238 1239 2278 108);
1281 2238 1343 2269 122
1376 2236 1470 2277 (app.
1504 2245 1535 2267 n.
1565 2236 1658 2275 109);

169 2290 291 2324 Assoc.
316 2299 380 2333 pro
406 2290 532 2324 Avent.
558 2290 649 2324 Bull.
676 2302 708 2324 n.
727 2291 776 2324 III
804 2294 921 2334 (1890)
957 2302 989 2335 p.
1014 2294 1150 2326 48—50
1182 2295 1277 2335 (app.
1304 2302 1335 2324 n.
1364 2293 1457 2333 111);
1492 2289 1566 2323 CIL
1593 2289 1656 2321 XII

168 2348 258 2380 2618
283 2347 377 2390 (app.
403 2357 435 2380 n.
457 2350 549 2390 110),
575 2346 617 2381 cf.
645 2347 728 2381 ibid.
756 2351 846 2382 2564
872 2349 964 2391 (app.
992 2359 1023 2381 n.
1046 2350 1132 2392 112).

281 2402 311 2443 9)
336 2402 555 2447 Hirschfeld,
588 2402 678 2437 Gall.
705 2404 803 2438 stud.
830 2404 1043 2447 (Sita-Ber.
1070 2404 1101 2438 d.
1131 2404 1276 2437 Wiener
1304 2404 1371 2436 ΑΒ.
1398 2402 1455 2446 ph.
1482 2402 1531 2435 (ji.
1562 2404 1657 2441 1883)

170 2458 220 2493 ΙΙΙ
247 2469 279 2503 p.
296 2461 373 2495 309.

268 2517 311 2557 ¹⁰)
337 2515 456 2550 Solum
481 2516 525 2550 ad
551 2521 705 2561 tempus,
739 2527 805 2551 non
834 2517 876 2551 ad
904 2518 1113 2561 dignitatem
1150 2517 1315 2551 maiorem
1350 2515 1412 2548 viri
1445 2513 1655 2548 adiectivum

174 2572 356 2617 »primus«
384 2576 531 2615 spectat.

271 2630 311 2673 ¹¹)
337 2629 379 2664 cf.
406 2629 511 2664 etiam
537 2629 620 2665 Tac.
648 2632 738 2665 Anu.
765 2631 813 2664 111
840 2634 892 2665 42.
926 2634 1018 2665 1—3.
