1907 2905
713 116 990 155 -41-

219 238 352 290 Quid?
383 253 431 279 ex
451 238 762 290 negotiatoribus
783 237 857 277 nisi
877 238 1010 276 album
1031 237 1205 276 iudicum
1227 239 1415 285 exstabat,
1448 238 1594 276 iudices

105 309 169 349 edi
197 321 354 348 necesse
389 320 472 346 esse
501 319 581 357 quo
619 308 700 345 iure
729 307 806 345 hoc
837 305 976 344 Cicero
1018 305 1135 343 dixit?
1195 307 1279 343 Iam
1320 307 1430 344 initio
1462 307 1594 356 dispu-

105 376 260 416 tationis
289 383 444 415 nostrae
473 374 747 425 exposuimus,
789 375 887 413 inter
926 373 1032 411 cives
1064 375 1267 411 Romanos
1307 373 1595 423 provinciarum

105 444 353 495 amplissimis
390 451 508 494 atque
547 443 779 481 auctoritate
817 442 1067 493 gravissimos
1116 441 1231 479 fuisse
1274 440 1505 490 publicanos
1551 454 1598 479 ac

106 513 383 563 negotiatores,
427 512 520 562 quia
560 524 697 549 omnes
739 511 816 549 fere
855 517 963 548 erant
1002 509 1149 558 equites
1189 517 1306 558 atque
1348 508 1519 547 maxima
1558 522 1598 547 re

104 579 293 620 familiari.
348 580 425 619 Sed
457 580 495 618 in
520 578 650 618 Sicilia
679 579 798 629 paulo
829 577 938 616 aliter
966 578 1064 616 haec
1094 591 1135 616 se
1156 578 1365 625 habebant,
1397 578 1506 627 quod
1536 590 1595 624 eo,

106 660 197 688 cum
229 648 369 687 Siculis
409 648 503 698 ipsis
541 655 579 686 et
619 646 777 697 pn'vatis
817 653 854 685 et
893 645 1116 684 civitatibus
1152 647 1340 684 decumas
1377 646 1599 684 conducere

104 716 255 763 liceret,
298 716 520 766 publicani,
563 715 629 764 qui
661 715 766 753 cives
797 713 967 753 Romani
999 721 1127 761 erant,
1170 713 1239 752 soli
1280 715 1508 763 plerumque
1546 713 1598 751 ad

105 783 278 834 portoria
317 783 628 834 scripturamque
665 781 895 820 redimenda
932 781 1149 820 veniebant.
1221 781 1301 830 Qui
1340 792 1522 819 numerus
1559 780 1597 819 in

107 851 365 890 conventibus
397 850 550 889 Siciliae
581 851 798 889 admodum
830 850 993 900 exiguus
1024 850 1141 888 fuisse
1171 850 1342 896 videtur,
1381 856 1422 886 ut
1453 849 1528 886 hac
1559 847 1598 886 in

107 919 313 971 provincia
343 920 603 970 negotiatores
636 920 741 957 solos
777 919 853 957 fere
883 918 1054 968 primum
1094 920 1226 956 locum
1266 917 1306 955 in
1346 917 1599 955 societatibus

107 987 276 1027 tenuisse
315 989 401 1025 luce
441 986 580 1025 clarius
620 986 680 1025 sit.
749 988 833 1025 Iam
874 999 966 1025 vero
1005 986 1079 1024 nisi
1118 985 1266 1024 iudices
1308 985 1439 1024 selecti
1480 991 1598 1031 erant,

108 1054 298 1106 imprimis
328 1055 478 1105 equites
510 1055 727 1103 Romanos,
766 1062 884 1103 atque
915 1054 1018 1092 cives
1050 1054 1202 1103 magnis
1232 1052 1374 1102 opibus
1404 1051 1600 1102 praeditos

110 1136 133 1161 a
161 1129 339 1173 praetore
369 1121 496 1160 editos
527 1133 610 1159 esse
641 1129 678 1159 et
698 1133 766 1171 per
796 1134 836 1159 se
866 1120 1108 1171 intellegitur,
1140 1120 1232 1170 quia
1262 1120 1301 1158 hi
1332 1120 1372 1157 in
1393 1120 1482 1158 albo
1504 1131 1599 1157 uno-

110 1202 280 1241 quoque,
313 1191 344 1228 si
375 1190 484 1239 quod
521 1190 724 1236 exstabat,
768 1196 869 1227 certe
906 1201 1068 1227 numero
1109 1196 1257 1226 ceteros
1295 1189 1411 1238 longe
1448 1199 1602 1237 supera-

110 1260 207 1298 bant
219 1257 251 1308 ¹)
281 1265 319 1296 et
350 1257 618 1307 compluribus
648 1270 695 1295 ex
724 1257 820 1295 locis
851 1256 1036 1295 concludi
1073 1253 1258 1306 potest2).
1319 1256 1442 1305 Quod
1471 1263 1601 1294 autem

111 1325 284 1376 equitum
323 1327 363 1364 in
397 1325 529 1364 Sicilia
568 1325 722 1376 plurimi
762 1325 878 1364 fuisse
918 1326 1177 1375 negotiatores
1217 1324 1331 1363 nobis
1371 1324 1603 1363 videbantur

110 1394 225 1444 eique
254 1392 446 1441 ditissimi,
477 1406 518 1432 re
548 1406 639 1432 vera
670 1394 727 1432 sic
757 1392 979 1443 eveniebat,
1011 1400 1053 1431 ut
1080 1393 1251 1431 maxima
1280 1392 1319 1431 in
1340 1400 1447 1443 parte
1478 1392 1601 1430 litium

113 1461 373 1513 negotiatores
403 1461 553 1500 iudices
584 1469 725 1500 essent.
790 1463 869 1500 Suo
909 1461 1022 1511 igitur
1060 1461 1140 1499 iure
1171 1460 1351 1500 Ciceroni
1390 1460 1455 1499 illa
1485 1461 1604 1498 verba

117 1536 215 1568 »aut
243 1528 460 1583 propositi
483 1541 534 1567 ex
556 1526 884 1577 neqotiatoribus
914 1525 1070 1568 iudices
1090 1526 1217 1567 nulli«
1253 1530 1378 1568 facere
1406 1525 1602 1577 licebat3),

113 1663 249 1699 iudices
274 1664 328 1698 vel
353 1666 624 1706 recuperatores
649 1672 719 1696 non
745 1672 789 1696 ex
814 1666 987 1697 conventu
1014 1671 1041 1695 c.
1072 1661 1113 1695 R.
1140 1671 1255 1705 neque
1290 1671 1334 1695 ex
1368 1669 1514 1694 numero
1550 1669 1603 1694 se-

113 1720 285 1754 lectorum
311 1718 451 1763 civium,
477 1722 517 1752 ut
533 1722 610 1752 erat
627 1717 810 1762 usitatum,
834 1728 950 1761 neque
969 1728 1013 1752 ex
1031 1717 1125 1752 omni
1143 1717 1247 1761 copia
1264 1716 1414 1760 singulis
1431 1716 1467 1750 in
1487 1716 1603 1750 causis

113 1780 358 1821 proposuerat.

228 1835 256 1868 ¹›
281 1833 479 1867 Mommsen
505 1833 555 1867 St.
580 1833 622 1867 R.
647 1833 664 1867 I
689 1845 721 1877 p.
740 1834 806 1868 317
832 1832 936 1867 dicit:
976 1834 1051 1867 »Es
1082 1835 1128 1867 ist
1161 1844 1272 1878 soyar
1303 1832 1400 1866 nicht
1433 1829 1604 1864 unwahr-

117 1890 316 1930 sckeinliclz,
343 1890 432 1934 dass
457 1891 640 1924 einerseits
664 1890 723 1924 die
740 1890 957 1936 Zuziehuny
973 1891 1069 1925 eines
1079 1890 1190 1936 ιφἐοἰεη
1209 1890 1366 1924 Romers
1384 1900 1453 1922 von
1468 1888 1605 1921 Ritter-

113 1959 213 1994 rany
235 1948 312 1981 hier
335 1947 393 1981 als
409 1947 760 1981 selbstverstc'indlich
776 1947 865 1992 grah,
891 1947 1146 1986 andererseits.
1173 1958 1246 1980 wer
1264 1946 1361 1980 nicht
1379 1945 1449 1978 den
1470 1944 1606 1978 Census

114 2005 180 2039 der
213 2010 328 2039 ersten
357 2004 483 2039 Classe
514 2004 650 2048 besens-3,
683 2004 732 2037 im
766 2003 967 2038 Consilium
1000 2004 1096 2038 nicht
1129 2005 1240 2038 sitzen
1271 2004 1433 2037 konntm
1494 2000 1605 2043 Quam

115 2060 327 2095 sententiam
353 2060 395 2094 de
421 2060 569 2095 consilio
586 2058 763 2104 praetoris
779 2059 932 2103 positam
949 2059 993 2094 ad
1012 2059 1130 2094 album
1148 2069 1289 2103 quoque
1306 2058 1463 2092 iudicum
1480 2057 1605 2092 referri

114 2117 199 2152 vult.
249 2117 291 2152 cf.
318 2117 339 2151 l.
365 2117 387 2161 l,
413 2117 493 2151 adn.
510 2120 542 2152 3.

231 2174 260 2218 2)
284 2174 386 2208 Verr.
416 2174 438 2208 l.
464 2173 516 2208 ΙΙΙ
540 2177 595 2210 59.
625 2176 706 2209 136;
748 2179 960 2221 »praeterea
991 2178 1186 2208 conventus
1217 2174 1384 2207 honestus
1413 2171 1606 2216 Syracusis

115 2231 246 2265 multi
276 2232 447 2276 equites
477 2231 694 2270 Romani,
725 2231 796 2264 viri
822 2231 1016 2276 primarii,
1051 2242 1098 2265 em
1129 2243 1217 2276 qua
1249 2230 1381 2276 copia
1412 2238 1606 2273 recupera-

116 2294 210 2323 tores
233 2289 320 2322 reici
345 2293 565 2333 oporteret<‹;
588 2287 672 2322 ibid.
698 2287 720 2321 l.
745 2287 794 2321 IV
818 2290 871 2322 61.
894 2290 956 2323 137
964 2300 972 2333 3
998 2297 1062 2332 pro
1088 2287 1218 2322 Flacco
1243 2287 1344 2321 XVII
1368 2289 1413 2320 40
1438 2285 1472 2318 in
1499 2292 1607 2317 causa

115 2345 256 2380 liberali
286 2350 359 2380 tres
390 2350 660 2389 recuperatores
693 2345 860 2379 dicuntur
900 2350 991 2379 »tres
1022 2346 1156 2390 equites
1190 2344 1388 2379 Romani«.
1426 2361 1469 2366 —
1507 2340 1606 2374 Com-

117 2401 382 2437 memorandum
408 2401 515 2436 etiam
540 2401 607 2436 hoc
633 2407 687 2436 est
711 2401 936 2436 senatoribus
962 2411 1103 2444 quoque
1129 2400 1306 2442 omnibus,
1341 2398 1400 2441 qui
1433 2407 1496 2441 per
1527 2405 1605 2438 pro-

116 2459 251 2492 vincias
282 2457 351 2492 iter
380 2457 560 2492 faciebant
592 2463 628 2492 et
658 2458 778 2502 aliquo
811 2459 846 2492 in
880 2458 955 2492 loco
993 2457 1127 2492 diutius
1166 2467 1249 2490 casu
1287 2453 1605 2493 commorabantur,

118 2525 259 2559 semper
283 2514 339 2548 ius
364 2518 648 2558 potestatemque
673 2514 802 2549 iudicis
827 2525 971 2549 munere
989 2512 1160 2556 fungendi
1178 2512 1269 2545 ultro
1287 2510 1406 2544 fuisse.
1448 2508 1489 2541 cf.
1506 2508 1604 2540 Verr.

117 2570 138 2606 l.
163 2571 224 2606 ΠΙ.
249 2574 304 2606 41.
330 2573 385 2607 95.

229 2623 259 2670 3)
285 2627 405 2662 Simile
431 2627 598 2672 quiddam
624 2627 773 2671 legimus
799 2628 899 2662 Verr.
918 2627 968 2661 111
994 2630 1047 2662 60.
1076 2628 1149 2669 137,
1176 2624 1234 2658 ubi
1260 2623 1394 2657 iudices
1421 2632 1491 2664 eos,
1516 2629 1604 2663 quos
