1907 2905
832 154 1111 193 —53-

226 287 371 314 annum
394 277 550 325 695s59
581 282 708 326 gestas
739 275 929 326 pertinent
962 274 1055 326 (loci
1079 277 1299 316 Caesariani
1320 286 1407 316 sunt
1428 280 1519 318 anni
1542 281 1713 330 706s48‚

226 343 504 382 Ciceronianus
549 344 639 381 anni
685 343 885 392 710s44),
932 352 1062 382 tamen
1113 351 1355 384 »conventus
1405 343 1666 400 Campanus«
1682 348 1713 399 1)

227 420 569 451 commemoratur.
624 413 714 461 Qua
745 412 784 449 in
816 412 1043 450 difficultate
1074 413 1170 450 nihil
1201 415 1370 463 proferre
1401 428 1574 464 possum,
1606 417 1714 465 quod

226 480 458 519 omnimodo
489 479 710 519 satisfaciat.
773 480 946 529 Opinor,
980 480 1011 517 si
1041 480 1305 519 coniecturam
1338 482 1508 521 maxime
1541 497 1717 522 commo-

225 549 318 586 dam
349 560 494 595 earum,
529 560 628 597 quae
650 546 746 585 mihi
776 546 814 584 in
842 555 1014 585 mentem
1042 556 1242 595 venerunt,
1276 549 1404 587 dicere
1435 550 1579 598 licebit,
1613 553 1717 590 locu-

224 617 345 665 pletes
377 624 591 654 conventus
614 623 795 662 aratoreS,
830 615 969 666 quibus
992 616 1120 654 coloni
1143 629 1188 654 ex
1208 618 1320 666 plebe
1341 620 1489 656 urbana
1518 618 1557 656 in
1581 631 1714 670 agrum

225 684 383 723 deducti
413 698 494 723 non
524 692 630 723 erant
660 684 769 734 grati,
801 684 870 722 etsi
902 684 973 733 ipsi
1005 696 1163 734 quoque
1195 684 1344 723 civibus
1376 686 1618 724 coloniarum
1650 688 1715 725 ad-

224 752 355 802 scripti
385 760 494 791 erant
524 752 833 801 decurionesque
865 763 998 789 earum
1028 753 1194 798 fiebant,
1237 759 1367 790 tamen
1399 754 1512 791 simul
1550 753 1646 792 inter
1676 768 1717 793 se

224 819 474 858 consociatos
506 819 712 865 mansisse,
755 830 874 868 quam
914 818 1138 856 societatem
1181 819 1386 868 scriptores
1427 822 1584 860 nomine
1624 835 1716 860 con-

224 894 361 926 ventus
391 887 508 925 etiam
530 886 584 925 eis
604 886 855 936 temporibus.
888 898 977 924 cum
1000 886 1077 924 iam
1099 888 1304 925 exstabant
1325 889 1514 936 coloniae,
1547 891 1715 939 appella-

223 956 330 993 bant.
400 957 504 993 Nam
543 967 591 993 ex
629 954 872 993 Caesarianis
912 954 1008 992 locis
1054 967 1142 1001 eos,
1190 956 1255 1005 qui
1300 956 1457 994 nomine
1503 965 1717 996 conventus

224 1024 624 1073 comprehenduntur,
665 1035 863 1061 summum
894 1025 1026 1062 locum
1064 1023 1102 1062 in
1134 1037 1227 1074 agro
1260 1024 1472 1063 obtinuisse
1501 1023 1714 1075 apparet2').

225 1092 303 1130 Sed
334 1091 499 1130 societas
530 1091 740 1138 eiusmodi,
782 1091 969 1140 quoniam
1009 1098 1100 1129 tunc
1132 1104 1179 1130 ex
1217 1091 1366 1131 civibus
1406 1093 1561 1142 optimis
1600 1094 1717 1132 decu-

223 1159 474 1209 rionibusque
505 1160 745 1198 coloniarum
778 1159 985 1197 constabat
1016 1158 1114 1196 intra
1146 1171 1277 1198 muros
1300 1160 1478 1198 coloniae
1498 1162 1714 1208 Romanae,

223 1240 303 1266 non
334 1235 436 1266 recte
467 1236 682 1266 conventus
716 1227 792 1265 dici
829 1227 968 1276 potuit.
1030 1228 1278 1266 Vocabulum
1311 1236 1454 1275 autern,
1493 1229 1599 1277 quod
1637 1237 1715 1267 tam

224 1295 290 1333 diu
323 1307 394 1334 suo
424 1295 504 1334 iure
534 1296 573 1334 in
604 1308 675 1334 usu
706 1296 843 1345 fuerat,
874 1295 1105 1345 perdurasse
1135 1296 1252 1335 nobis
1284 1296 1446 1337 videtur.

336 1366 420 1402 Iam
451 1366 724 1414 perlustremus
756 1364 926 1414 singulas
958 1364 996 1402 in
1029 1364 1189 1414 singulis
1211 1364 1420 1414 provinciis
1453 1364 1602 1415 imperii
1625 1377 1714 1402 con—

222 1432 465 1483 gregationes
503 1434 646 1472 civium
679 1437 969 1480 Romanorum,
1009 1445 1108 1482 quae
1146 1433 1184 1471 in
1216 1433 1332 1471 titulis
1364 1441 1430 1473 aut
1460 1435 1565 1483 apud
1598 1433 1715 1483 scrip-

223 1507 324 1538 tores
355 1501 470 1540 nobis
501 1502 664 1541 traditae
695 1509 782 1540 sunt
812 1501 1062 1551 primumque
1093 1501 1132 1539 in
1164 1498 1343 1542 Sicilia.

336 1571 465 1619 Atque
494 1569 532 1607 in
562 1571 639 1608 hac
669 1569 830 1620 quidem
860 1569 985 1608 insula
1006 1569 1189 1617 Romani,
1222 1577 1263 1608 ut
1294 1570 1332 1608 in
1355 1570 1521 1609 Graecia
1552 1578 1715 1620 totoque

223 1638 300 1675 fere
331 1637 512 1685 Oriente,
556 1650 646 1676 cum
678 1646 818 1676 terram
850 1638 890 1675 in
921 1645 1152 1688 potestatem
1185 1651 1295 1676 suam
1326 1638 1565 1689 redegissent
1604 1639 1716 1676 urbes

224 1706 395 1744 Graecas
426 1713 688 1755 reppererunt.
751 1706 873 1754 Quas,
904 1705 1145 1755 ubicumque
1175 1705 1400 1744 invenerant
1437 1706 1475 1744 in
1506 1705 1715 1755 provinciis

223 1773 466 1820 ordinandis,
506 1773 650 1812 Italicis
682 1773 842 1812 urbibus
883 1787 994 1823 pares
1032 1775 1254 1824 ponebant,
1299 1782 1339 1812 ut
1376 1787 1537 1825 graecae
1580 1770 1715 1818 πόλεις

222 1841 413 1892 peregrini
444 1841 534 1879 iuris
564 1843 637 1879 sub
668 1841 832 1892 imperio
854 1843 1126 1880 Romanorum
1151 1850 1363 1882 manerent.
1417 1843 1494 1880 Sed
1525 1842 1563 1879 in
1586 1840 1714 1880 Sicilia

223 1908 394 1948 Romani
438 1922 518 1947 non
563 1917 643 1947 tam
687 1910 773 1953 diu,
823 1921 940 1958 quam
987 1909 1025 1947 in
1066 1910 1225 1948 Oriente
1271 1922 1408 1948 manus
1453 1909 1711 1948 abstinebant.

225 1979 353 2015 Immo
384 1990 475 2015 vero
506 1978 608 2014 hanc
645 1978 809 2015 insulam
842 1976 1008 2015 victores
1041 1978 1212 2016 celeriter
1248 1977 1286 2015 in
1318 1985 1458 2016 terram
1492 1980 1710 2016 Romanam

336 2158 363 2198 l)
392 2155 650 2201 ›Campanus‹
680 2160 733 2189 est
758 2154 971 2189 adiectivum
997 2154 1148 2189 nominis
1177 2155 1365 2201 »Capua«.

336 2213 366 2255 2)
392 2212 490 2247 Caes.
524 2211 604 2246 bell.
641 2211 704 2245 civ.
736 2212 751 2245 Ι
780 2215 830 2246 14.
863 2216 883 2246 5
915 2217 1080 2246 narratur
1113 2211 1328 2255 gladiatores
1362 2212 1524 2247 Caesaris
1562 2213 1708 2245 »circum

219 2270 390 2314 familias
421 2274 615 2303 conventus
649 2269 855 2314 Campani«
892 2279 912 2302 a
943 2268 1114 2312 Lentulo,
1148 2269 1201 2303 vel
1235 2269 1264 2303 si
1297 2269 1500 2304 Ciceronem
1533 2268 1712 2311 sequimur

224 2326 280 2370 (ad
307 2328 381 2360 Att.
408 2326 474 2360 V11
503 2329 552 2360 14.
579 2328 612 2368 2)
638 2336 658 2359 a
684 2325 852 2370 Pompeio
885 2326 963 2369 ipso
993 2326 1202 2361 »custodiae
1228 2337 1361 2359 causa«
1391 2325 1596 2359 distributos
1623 2334 1710 2358 esse.

223 2384 298 2418 Hos
334 2393 402 2417 non
428 2383 520 2417 inter
546 2383 687 2417 colonos
720 2393 740 2416 a
775 2383 927 2417 Caesare
958 2382 1127 2417 deductos
1159 2382 1364 2426 dispertitos
1397 2392 1472 2415 esse
1509 2380 1711 2414 »custodiae

224 2451 378 2479 causa«,
414 2439 474 2474 sed
507 2440 600 2474 inter
625 2440 884 2475 illustrissimos
917 2444 1076 2474 aratores·
1104 2440 1236 2474 Romae
1269 2445 1386 2481 natos,
1420 2438 1478 2481 qui
1505 2448 1525 2470 a
1551 2437 1709 2480 partibus

226 2497 448 2542 optimatium
475 2497 636 2541 stabant,
662 2498 758 2532 nullo
785 2498 926 2540 negotio
953 2497 1182 2540 intellegitur.
1227 2496 1312 2529 Bell.
1341 2495 1403 2528 civ.
1430 2494 1478 2527 llI
1505 2497 1557 2527 221.
1583 2497 1602 2526 c'·
1628 2502 1708 2526 con-

223 2559 350 2589 ventus
375 2559 499 2589 contra
523 2555 570 2588 M.
598 2555 756 2590 Coelium
783 2554 930 2597 Rufum,
958 2564 1036 2588 cum
1063 2554 1185 2596 Capua
1211 2552 1315 2595 potiri
1344 2551 1377 2583 in
1403 2550 1518 2582 animo
1545 2548 1708 2591 habebat,

224 2621 323 2646 arma
347 2612 484 2656 cepisse
511 2618 617 2656 atque
643 2623 722 2646 eum
748 2612 860 2646 hostis
887 2611 962 2645 loco
989 2610 1156 2643 habuisse
1183 2607 1345 2650 traditur,
1371 2616 1474 2649 quam
1498 2605 1541 2638 ob
1567 2615 1638 2638 rem
1663 2603 1706 2638 ad

225 2674 420 2703 extremuni
447 2669 506 2702 ille
534 2669 680 2703 consilio
707 2680 770 2703 suo
797 2668 943 2702 destitit.
