1907 2905
801 122 1048 160 -3-

180 248 255 287 mis
285 247 426 298 opibus
455 243 636 295 praediti,
675 244 845 294 primum
876 256 1027 293 semper
1063 244 1194 281 locum
1230 243 1399 282 tenuisse
1435 242 1532 281 inter
1568 241 1673 281 cives

181 319 385 355 Romanos
415 313 704 364 provinciarum
736 311 814 349 iarn
846 319 1000 349 constat
1029 312 1210 360 ultroque
1241 310 1512 349 dissertatione
1540 318 1674 350 nostra

182 383 398 422 docebitur.
465 383 620 419 Praeter
648 378 909 429 negotiatores
939 386 1071 417 autem
1102 392 1150 417 ex
1181 379 1319 417 ordine
1348 378 1516 427 equestri
1547 378 1674 428 publi-

181 451 270 489 cani
299 450 340 488 in
368 449 557 500 plurimas
587 447 809 497 provincias
841 447 1149 493 effundebantur,
1189 447 1255 496 qui
1291 447 1434 485 tributa
1471 446 1675 496 vectigalia

182 527 309 558 cetera
337 518 495 568 publica
525 517 722 556 conducta
751 517 961 556 habebant.
1014 516 1204 561 Omnium
1226 528 1318 553 vero
1340 514 1520 553 ordinum
1549 514 1677 552 homi-

181 600 250 626 nes
281 594 389 625 erant
419 594 600 633 aratores,
638 584 704 634 qui
735 584 895 634 praedia
924 584 1066 633 partim
1096 591 1268 622 emerant
1299 583 1451 633 ipsique
1482 584 1674 630 colebant,

182 655 322 705 partim
365 666 508 704 magna
547 652 671 702 spatia
710 653 792 703 agri
832 651 981 702 publici
1026 659 1094 690 aut
1134 651 1343 691 decumani
1389 652 1674 690 conduxerant.

183 723 302 763 Adde
331 722 546 772 pecuarios,
579 722 645 770 qui
675 733 821 771 pascua
851 728 917 759 aut
947 721 1202 771 possidebant
1233 728 1299 759 aut
1328 721 1574 758 redemerant
1604 732 1676 770 pu-

182 789 427 838 blicanisque
457 788 689 838 scripturam
721 789 936 834 solvebant.
989 789 1128 838 Neque
1157 788 1210 826 ita
1240 788 1363 826 multo
1393 795 1485 837 post
1513 801 1561 826 ex
1585 788 1679 827 civi-

182 860 257 897 bus
287 857 478 896 Romanis
511 865 746 896 mercatores
777 857 894 894 etiam
925 864 961 894 et
997 856 1224 895 navicularii
1262 861 1304 896 in
1340 856 1522 895 maximis
1558 857 1678 906 porti-

183 927 256 964 bus
286 925 549 975 emporiisque
578 923 728 973 imperii
760 924 1024 963 versabantur.
1094 924 1274 972 Quorum
1314 925 1491 963 omnium
1529 925 1573 973 ii,
1611 925 1679 975 qui

184 1001 251 1033 aut
280 993 471 1044 negotiari
499 999 566 1030 aut
596 1004 702 1029 arare
732 999 798 1029 aut
827 1003 987 1040 pascere
1008 992 1198 1039 solebant,
1232 992 1344 1031 sedes
1365 1005 1412 1031 ac
1434 992 1678 1031 domicilium

185 1063 226 1101 in
255 1061 465 1112 provinciis
497 1061 765 1107 collocabant,
805 1059 920 1097 ceteri
950 1059 1094 1097 diutius
1125 1067 1230 1098 extra
1261 1062 1398 1099 urbem
1431 1063 1604 1099 Romam
1641 1060 1681 1098 in

186 1129 476 1181 provinciarum
507 1128 679 1178 oppidis,
721 1127 790 1166 ubi
826 1127 982 1178 negotia
1017 1129 1236 1175 habebant,
1279 1129 1516 1168 commorari
1553 1130 1682 1169 coacti

187 1197 351 1247 erantl).

303 1267 434 1315 Quam
465 1272 594 1302 autem
625 1264 736 1302 multi
767 1264 870 1302 cives
902 1264 1009 1302 brevi
1038 1272 1214 1322 tempore
1244 1265 1284 1303 in
1314 1274 1527 1316 occupatas
1558 1266 1683 1316 regio-

187 1346 255 1372 nes
292 1333 453 1383 ingressi
490 1333 584 1379 sint,
626 1334 752 1371 elucet
791 1333 899 1381 inde,
942 1334 1052 1383 quod
1089 1334 1289 1373 Ciceronis
1330 1342 1454 1373 aetate
1493 1334 1573 1372 iam
1614 1347 1683 1384 per

188 1414 324 1440 omnes
355 1402 431 1440 fere
460 1401 681 1451 provincias
718 1401 759 1439 hi
790 1401 900 1450 quasi
936 1403 1099 1441 alterum
1136 1403 1340 1452 quoddam
1377 1415 1498 1454 genus
1535 1403 1684 1441 incola-

189 1483 274 1509 rum
305 1483 327 1508 a
363 1469 668 1520 provincialibus
705 1467 968 1521 separatum2)
1007 1479 1124 1520 atque
1160 1471 1289 1510 multis
1326 1471 1537 1522 privilegiis
1575 1484 1685 1510 com-

189 1538 398 1587 modisque
437 1545 665 1576 exornatum
707 1538 879 1577 maxime
918 1539 1109 1578 florebant
1148 1547 1299 1589 praeter
1339 1548 1500 1578 ceteros.
1582 1541 1685 1578 Tum

190 1620 283 1646 vero
313 1607 499 1657 expilatio
531 1606 778 1656 direptioque
809 1607 1019 1656 sociorum,
1052 1607 1118 1657 qui
1149 1607 1244 1646 nihil
1275 1607 1473 1646 societatis
1504 1607 1577 1646 nisi
1608 1609 1687 1646 hoc

191 1689 336 1714 nornen
365 1676 479 1714 inane
509 1688 533 1713 a
563 1675 733 1714 dominis
764 1677 842 1714 suis
874 1689 1106 1715 concessum
1138 1684 1400 1723 servaverant,
1442 1677 1494 1714 ad
1525 1676 1567 1714 id
1598 1689 1688 1726 pro-

191 1755 324 1793 gressa
350 1751 443 1790 erat,
476 1751 518 1781 ut
544 1742 596 1781 illi
616 1742 876 1792 potissimum,
909 1743 976 1793 qui
996 1756 1044 1782 ex
1065 1743 1202 1782 ordine
1222 1744 1391 1794 equestri
1413 1752 1532 1794 erant,
1563 1745 1689 1794 publi·

311 1895 336 1936 l)
362 1892 415 1926 De
439 1892 495 1926 his
521 1891 628 1925 variis
655 1891 844 1935 generibus
871 1892 999 1926 civium
1016 1892 1257 1927 Romanorum
1282 1893 1319 1926 in
1344 1892 1468 1928 Sicilia
1495 1893 1689 1928 consisten-

193 1949 282 1983 tium
305 1948 427 1983 Cicero
454 1948 514 1982 1.1.
540 1948 596 1992 (cf.
623 1948 730 1982 etiam
755 1948 886 1982 ibidem
912 1959 940 1983 c.
958 1949 1007 1983 VI
1035 1951 1179 1995 15—17)
1208 1950 1387 1986 disseruit.
1437 1950 1538 1993 Quod
1563 1951 1692 1986 attinet

195 2005 240 2040 ad
265 2005 420 2040 Galliam
445 2005 730 2049 Narbonensem,
761 2005 851 2039 haec
876 2007 1152 2049 comprobantur
1177 2007 1389 2050 quibusdam
1422 2008 1592 2042 orationis
1626 2017 1690 2052 pro

194 2063 243 2096 M.
269 2062 418 2096 Fonteio
444 2063 541 2097 locis.
583 2062 637 2097 lbi
663 2063 693 2096 V
715 2065 755 2097 12
781 2063 818 2106 (Ι.
836 2066 870 2107 2)
897 2074 925 2098 e.
945 2074 973 2098 c.
1001 2070 1271 2100 enumerantur:
1298 2064 1549 2108 negotiatores,
1575 2065 1691 2108 publi-

195 2121 287 2164 cani,
313 2125 490 2164 aratores,
522 2120 692 2164 pecuarii.
750 2120 802 2155 De
828 2122 917 2155 Asia
944 2121 1021 2155 vide
1049 2121 1230 2156 Ciceronis
1263 2122 1442 2156 orationes
1473 2132 1537 2166 pro
1563 2121 1692 2156 Flacco

197 2182 232 2211 et
256 2187 319 2220 pro
345 2177 422 2221 lege
447 2177 598 2211 Manilia
623 2178 764 2213 habitas
790 2184 896 2222 atque
923 2190 976 2223 ep.
1004 2178 1049 2212 ad
1075 2178 1244 2222 Quintum
1269 2179 1368 2213 fratr.
1393 2180 1408 2213 Ι
1438 2183 1472 2223 1;
1498 2179 1541 2213 de
1568 2179 1694 2213 Cilicia

197 2245 252 2278 ep.
278 2234 323 2268 ad
348 2235 422 2269 Att.
451 2235 560 2270 libros
585 2235 617 2269 V
643 2240 678 2269 et
703 2235 762 2271 VI.

311 2292 339 2335 2)
365 2291 436 2326 Cic.
463 2302 517 2335 ep.
544 2292 590 2325 ad
616 2291 735 2334 Quint.
761 2292 836 2326 fr.I
865 2296 892 2327 1.
919 2294 959 2326 6:
997 2292 1173 2326 »Constat
1198 2294 1294 2326 enim
1319 2305 1362 2326 ea
1387 2294 1580 2338 provincia
1607 2293 1693 2337 (scil.

199 2347 301 2392 Asia)
341 2360 383 2382 ex
415 2360 453 2382 eo
484 2360 614 2393 yenere
643 2351 839 2389 sociorum,
876 2350 975 2395 quod
1006 2356 1056 2384 est
1077 2377 1218 2389 ......
1257 2351 1388 2384 deinde
1420 2362 1462 2384 eoe
1492 2361 1530 2383 eo
1567 2362 1696 2395 ρεπεν-ε

199 2406 360 2438 civium
393 2410 480 2439 cet«
514 2425 557 2430 —
590 2405 631 2439 In
658 2406 878 2442 orationibus
911 2413 1034 2441 contra
1060 2408 1206 2442 Verrem
1233 2407 1441 2450 saepissime
1468 2412 1696 2451 opponuntur

201 2461 311 2495 Siculi
341 2466 376 2495 et
400 2461 494 2496 cives
520 2461 672 2496 Romani
703 2463 739 2496 in
766 2463 888 2497 Sicilia
920 2464 1154 2507 negotiantes.
1187 2484 1230 2488 —
1261 2463 1301 2497 In
1328 2462 1446 2496 Gallia
1471 2462 1696 2497 Narbonensi

200 2523 344 2562 praeter
368 2518 554 2562 indigenas
580 2519 650 2553 tria
675 2529 806 2562 genera
840 2520 1080 2555 habitatorum
1113 2520 1291 2563 dicuntur,
1323 2519 1474 2563 primum
1507 2520 1601 2554 cives
1627 2519 1696 2554 Ro-

201 2574 297 2608 mani
323 2574 482 2609 coloniae
508 2573 764 2619 Narbonensis,
799 2581 873 2610 tum
898 2576 1177 2610 Massiliensium
1204 2576 1329 2610 civitas
1355 2575 1548 2616 foederata,
1576 2587 1696 2610 nume-

201 2642 262 2667 rus
287 2631 440 2676 denique
467 2632 596 2666 civium
624 2632 863 2666 Romanorum
890 2644 953 2676 per
979 2633 1196 2676 provinciam
1223 2633 1501 2667 consistentium.

1384 2690 1424 2723 ΓΙ·
