1907 2905
729 152 1005 191 ,21-

120 277 410 330 provinciarum
440 275 674 314 iudiciorum
707 286 825 312 causa
846 281 1081 324 congregata
1107 273 1323 324 significata
1345 272 1455 324 est¹)‚
1487 280 1616 311 tamen

122 346 228 385 brevi
258 344 549 384 universitatem
580 344 641 382 vel
671 342 897 381 societatem
929 345 1203 380 Romanorum
1234 342 1375 380 eodem
1405 343 1494 380 loco
1527 355 1617 380 con-

121 413 336 454 sistentium
368 413 606 462 appellatam
637 424 742 458 esse,
781 411 853 450 etsi
884 412 1121 449 vocabulum
1151 410 1248 448 illud
1279 411 1357 448 hoc
1389 421 1506 447 sensu
1536 422 1616 447 non

121 481 360 521 sollemniter
389 481 612 519 adhibitum
644 493 727 518 esse
758 480 1058 518 concedendum
1101 476 1220 527 est²)‚
1261 478 1302 516 id
1341 478 1450 526 quod
1491 485 1618 515 osten-

121 550 223 589 ditur
253 550 377 588 titulis
407 547 706 587 numeromultis
738 555 817 586 tam
849 560 936 586 raro
969 560 1106 586 vocem
1139 546 1244 584 illam
1275 545 1565 595 usurpantibus.

234 619 311 657 Sed
341 619 419 656 hoc
449 629 538 655 curn
570 628 642 655 usu
670 615 777 654 vocis
813 620 1082 654 »conventas«
1109 614 1320 653 commode
1343 613 1508 652 conferri
1529 620 1616 663 pot-

120 694 197 734 est,
238 698 316 735 qua
351 685 499 723 ratione
541 697 685 723 nomen
726 695 910 734 graecum
954 682 1003 736 »ἣ
1045 680 1243 727 σύνοδοςα
1284 682 1508 732 saepissime
1548 681 1617 719 ad-

120 754 309 792 hibeatur.
362 756 456 792 Hoc
483 752 585 791 enim
617 751 811 791 invenitur
841 759 877 790 et
908 752 1012 802 apud
1045 751 1250 801 scriptores
1282 758 1319 789 et
1350 750 1389 788 in
1420 749 1551 797 titulis,
1585 749 1616 787 si

121 821 284 872 collegia
323 821 531 871 praecipue
571 821 777 859 hominurn
822 819 860 858 in
898 819 1026 857 aliena
1064 820 1160 857 urbe
1200 818 1458 857 habitantium
1500 816 1616 867 signi-

119 890 295 936 ficantur,
327 890 431 927 velut
461 888 601 938 synodi
632 887 876 926 scenicorum
909 888 1125 934 artificum,
1165 886 1232 937 qui
1262 894 1382 925 terras
1412 898 1616 936 peragrare

120 959 298 996 solebant
327 958 451 1006 iisque
481 957 521 994 in
550 955 668 1003 locis,
701 955 768 994 ubi
802 956 948 994 diutius
981 956 1346 1003 commorabantur,
1380 954 1490 1003 quasi
1521 967 1616 992 con-

120 1025 300 1064 sistentes
330 1026 409 1065 dici
439 1024 656 1076 possunt3).
721 1025 883 1076 Saepius
914 1038 1007 1063 vero
1047 1025 1161 1062 simul
1200 1025 1294 1062 urbs
1334 1030 1400 1062 aut
1440 1031 1538 1062 terra
1569 1036 1615 1061 ea

119 1094 286 1141 additur,
318 1094 385 1133 ubi
415 1095 525 1146 origo
555 1094 629 1133 illis
660 1101 754 1144 erat,
787 1101 829 1132 ut
859 1095 974 1143 plane
1005 1095 1156 1131 eluceat
1176 1094 1337 1130 alterum
1369 1093 1514 1138 locum,
1548 1090 1615 1140 qui

121 1163 345 1211 appellatur,
368 1164 429 1201 vel
450 1163 518 1201 ubi
535 1163 665 1201 titulus
686 1162 983 1210 inscribebatur,
1007 1160 1249 1199 domicilium
1271 1161 1399 1198 solum
1421 1160 1549 1205 fuisse,
1572 1166 1614 1197 ut

121 1229 293 1279 synodus
324 1231 510 1280 gymnica
536 1229 894 1269 Alexandrinorum
927 1229 1095 1279 Neapoli
1127 1225 1460 1275 consistentium4)
1492 1226 1616 1265 nomi-

119 1304 242 1344 natur,
274 1305 340 1335 aut
370 1298 408 1336 in
439 1298 557 1337 titulis
589 1298 695 1337 urbis
716 1300 887 1338 Romae:
925 1296 973 1351 »ἡ
1005 1295 1096 1350 ἱερὰ
1129 1294 1292 1348 ξυστικὴ
1327 1291 1499 1340 σύνοδος
1532 1295 1613 1332 τῶν

120 1363 214 1416 περὶ
245 1363 314 1403 τὸν
341 1360 551 1419 (Ηρακλέα
584 1364 664 1404 ἀπὸ
698 1364 959 1412 καταλύσεως
992 1362 1034 1404 ἐν
1065 1364 1113 1418 τῇ
1143 1361 1320 1416 βασιλίδι
1350 1361 1485 1416 Ῥώμῃ
1525 1376 1615 1401 κατ-

120 1430 421 1484 οικούνῖων5)«.
484 1436 622 1485 Neque
651 1447 745 1473 vero
776 1434 885 1473 aliter
915 1434 1022 1484 apud
1056 1430 1333 1482 Strabonemss)
1366 1432 1416 1471 de
1446 1431 1613 1481 collegio

119 1501 440 1552 dionysiacoruni
477 1503 669 1542 artificum
706 1503 859 1542 Lebedi
899 1501 1155 1541 habitantium
1192 1501 1315 1552 agitur
1358 1501 1418 1538 his
1463 1499 1611 1539 verbis:

123 1567 326 1608 »ἐνταῦθα
360 1572 440 1609 τῶν
473 1570 564 1622 περὶ
595 1570 663 1609 τὸν
694 1567 886 1609 Διόνυσον
918 1571 1110 1625 τεχνιτῶν
1142 1568 1165 1623 ἡ
1200 1566 1376 1614 σύνοδος
1414 1566 1479 1606 καὶ
1520 1580 1610 1605 κατ-

119 1635 225 1676 οικία
257 1638 337 1676 τῶν
374 1635 418 1676 ἐν
454 1635 584 1692 Ἰωνίᾳ
622 1636 745 1693 μέχρι
777 1633 1123 1691 (Ελλησπόντοοα,
1161 1637 1229 1676 ubi
1260 1638 1378 1676 verba
1413 1633 1613 1681 »σύνοδος

236 1807 262 1849 ¹)
287 1805 405 1840 Primo
432 1805 625 1840 credidisse
642 1816 696 1840 me
722 1805 838 1840 fateor
864 1805 1117 1840 discernendos
1143 1808 1250 1848 atque
1277 1802 1515 1847 segregandos
1534 1812 1611 1837 esse

118 1867 311 1897 conventus
336 1862 550 1896 iudiciorum
580 1872 689 1897 causa
720 1862 932 1897 constitutos
965 1872 985 1896 a
1018 1861 1249 1896 conventibus
1282 1861 1411 1895 civium
1435 1860 1612 1894 Romano-

118 1930 207 1954 rum.
254 1919 371 1954 Huius
397 1919 490 1954 enim
515 1919 686 1954 formulae
713 1920 765 1954 vis
798 1919 890 1954 unde
917 1923 995 1953 orta
1020 1919 1083 1963 sit,
1114 1928 1288 1962 apparere
1313 1917 1400 1951 mihi
1426 1917 1613 1951 videbatur

119 1987 162 2011 ex
194 1976 357 2011 Caesaris
389 1976 541 2020 quodam
572 1976 649 2010 loco
681 1976 773 2021 (bell.
801 1976 891 2010 Gall.
918 1976 995 2010 VII.
1027 1978 1081 2011 55.
1112 1977 1164 2020 5),
1195 1975 1256 2010 ubi
1289 1975 1486 2009 afferuntur
1517 1974 1611 2009 cives

118 2033 284 2078 Romani,
320 2034 403 2079 »qui
434 2045 472 2068 eo
506 2033 540 2076 (i.
574 2044 602 2067 e.
635 2033 897 2075 Noviodunum)
931 2033 1200 2078 neyotiandi
1230 2044 1369 2066 causa
1401 2043 1611 2066 convene-

117 2096 261 2131 rant«,
296 2101 447 2135 quorum
472 2090 741 2125 universitatem
767 2090 985 2125 sollemniter
1018 2100 1095 2124 esse
1126 2090 1343 2124 nominatam
1378 2093 1611 2122 »conventum

118 2149 250 2182 civium
275 2148 535 2182 Romanorum
567 2147 801 2182 Novioduni«
830 2147 1039 2182 arbitrabar.
1089 2148 1122 2181 A
1147 2146 1366 2181 Mommseno
1389 2150 1523 2189 autem,
1550 2144 1610 2188 qui

117 2205 269 2248 benigne
306 2215 361 2239 me
397 2204 547 2239 docebat
578 2209 787 2239 conventum
819 2215 895 2239 esse
927 2204 1205 2249 appellationem
1237 2208 1374 2238 tantum
1406 2202 1609 2237 sollemnem

118 2261 163 2295 ad
189 2261 458 2305 significandam
482 2261 746 2296 multitudinem
764 2261 893 2297 civium
911 2261 1151 2296 Romanorum
1168 2260 1380 2295 iudiciorum
1398 2268 1506 2294 causa
1525 2269 1604 2292 con-

118 2318 326 2363 venientem,
352 2323 545 2354 commotus
571 2330 664 2364 sum,
694 2324 733 2354 ut
755 2319 926 2362 originem
950 2318 1123 2354 formulae
1150 2328 1291 2362 quoque
1319 2321 1534 2352 »conventus
1558 2315 1604 2348 ci-

118 2376 216 2409 vium
242 2375 521 2410 Romanorum«
551 2386 595 2410 ex
619 2387 656 2411 re
681 2375 842 2411 iudiciali
868 2376 1109 2420 quaerendam
1135 2386 1212 2410 esse
1238 2375 1442 2409 iudicarem.

231 2431 260 2474 2)
285 2431 362 2466 Hoc
387 2431 525 2475 vulgari
550 2442 656 2467 sensu
681 2441 744 2467 nos
770 2441 910 2476 quoque
936 2432 1088 2467 formula
1113 2436 1305 2466 conventus
1331 2431 1459 2465 civium
1478 2429 1607 2463 Roma-

117 2498 242 2523 norum
267 2489 303 2523 in
328 2489 578 2524 dissertatione
604 2489 671 2524 hac
697 2489 839 2523 utimur.

230 2546 258 2589 ³)
283 2546 394 2581 Tituli
427 2546 600 2582 eiusmodi
633 2551 714 2581 sunt
746 2546 931 2590 permulti,
969 2546 1066 2581 velut
1099 2545 1196 2580 CIGr
1232 2547 1331 2579 2931.
1369 2545 1468 2578 2933.
1505 2542 1604 2576 3072.

116 2605 222 2647 40813
246 2602 338 2637 Bull.
366 2602 408 2637 de
435 2612 504 2637 cor,
530 2602 621 2638 Hell.
647 2603 697 2637 IX
723 2613 756 2647 p.
778 2604 965 2637 125—131.

229 2659 256 2702 ⁴)
283 2658 381 2694 CIGr
405 2662 504 2695 5804.
609 2662 636 2704 ⁵)
663 2660 760 2694 CIGr
786 2662 1022 2696 5906—5909.
1132 2660 1160 2700 6)
1187 2657 1313 2692 Strabo
1340 2656 1421 2689 XIV
1452 2659 1478 2690 1.
1506 2658 1558 2690 29.
