1928 2884
818 149 1094 189 ,86-

205 282 470 313 memorantur
483 271 534 323 ¹),
577 273 642 324 qui
673 282 856 324 quattuor
887 274 948 312 vel
979 274 1154 324 quinque
1185 273 1314 320 vicos,
1357 274 1424 323 qui
1455 274 1706 312 nominantur

206 348 319 381 vetus
350 339 718 395 Moyontiacum2),
751 340 866 380 vicus
896 339 1099 393 Novus³)‚
1132 341 1246 381 vicus
1278 340 1496 381 »Salutaris
1509 340 1556 392 4),
1589 340 1706 380 vicus

216 408 545 464 Voberqensisff)
560 410 611 462 ⁵),
654 410 766 450 vicus
805 408 1062 463 Apollinesis
1076 409 1128 462 ⁶),
1169 411 1405 452 incolebant.
1468 413 1555 450 Hos
1596 411 1704 450 vicos

207 482 259 519 ab
280 479 472 531 indigenis
495 493 578 518 esse
600 479 889 518 administratos
913 493 1001 518 cum
1027 480 1191 530 Bergkio
1213 480 1389 527 arbitror,
1414 480 1504 530 quia
1526 487 1709 530 quattuor

212 545 530 602 »platiodanni«
568 548 643 587 vici
675 548 779 586 Novi
818 549 857 586 in
888 549 999 586 titulo
1012 546 1043 597 7)
1075 557 1305 596 occurrunt,
1339 549 1608 599 magistratus,
1641 548 1708 598 qui

209 619 286 656 hoc
316 618 407 656 loco
437 619 521 656 solo
560 614 860 666 inveniunturss).
922 619 1023 654 Inter
1066 616 1267 667 indigenas
1310 625 1439 656 autem
1477 617 1708 657 societatem

208 698 368 736 quoque
399 685 544 724 civium
576 687 847 722 Romanorum
880 685 957 722 hoc
993 686 1081 723 loco
1119 692 1198 722 tam
1232 692 1454 734 opportuno
1493 686 1543 724 ad
1582 693 1709 724 castra

210 753 383 793 maxima
405 753 639 792 Germaniae
670 752 963 791 consistentium
986 753 1235 791 multitudine
1266 766 1312 791 ac
1335 753 1480 793 divitiis
1512 754 1709 793 celerrime

214 830 371 861 auctam
403 834 497 869 esse,
531 823 656 860 elucet
687 821 790 868 inde,
823 822 931 870 quod
963 821 1089 871 primo
1121 830 1276 861 curator
1298 823 1415 870 squs,
1447 831 1488 861 ut
1510 823 1706 872 omnibus,

215 903 313 942 quas
344 890 675 941 perlustravimus,
708 890 740 928 ei
771 897 967 940 praeerat,
1001 892 1176 929 secundo
1208 892 1363 929 saeculo
1395 888 1617 940 quaestor9)
1654 891 1708 929 illi

210 961 419 1000 adiunctus
451 967 518 1007 est,
552 967 752 1010 postremo
782 960 881 998 ordo
914 957 1242 1008 decurionumw),
1275 959 1324 997 de
1346 971 1426 1008 quo
1447 959 1524 997 iam
1546 960 1709 1010 egimuS,

212 1030 345 1081 quoad
375 1029 544 1079 denique
575 1036 738 1067 exeunte
769 1028 880 1066 tertio
914 1028 1068 1065 saeculo
1099 1041 1121 1064 a
1143 1028 1403 1078 Diocletiano,
1436 1028 1466 1065 si
1488 1030 1711 1067 Mommsen

214 1107 316 1138 recte
346 1099 540 1149 opinatur,
573 1097 739 1137 societas
768 1098 866 1135 haec
897 1096 977 1135 iure
1008 1097 1113 1135 urbis
1144 1097 1289 1135 donata
1320 1105 1387 1134 est.

329 1169 488 1207 Ceteras
511 1174 642 1204 autem
671 1165 993 1216 congregationes
1016 1166 1066 1203 ad
1089 1172 1213 1202 castra
1235 1178 1370 1203 omnes
1393 1165 1567 1203 vicorum
1590 1166 1712 1204 modo

217 1237 415 1275 ordinatas
458 1235 573 1274 fuisse
619 1243 656 1273 et
698 1247 745 1272 ex
790 1233 1139 1284 significationibus
1186 1246 1318 1272 earum
1363 1241 1400 1272 et
1446 1234 1555 1281 inde,
1603 1234 1711 1283 quod

216 1305 421 1356 magistros
453 1304 497 1342 iis
528 1303 738 1354 praefuisse
770 1304 970 1345 docemur,
1002 1308 1190 1354 apparere
1214 1304 1377 1342 videtur.
1430 1306 1563 1354 Atque
1582 1302 1714 1341 huius-

217 1375 326 1414 modi
358 1374 465 1412 vicos
498 1380 711 1411 castrenses
743 1372 1022 1423 cognovimus:

336 1545 360 1589 ¹)
387 1543 551 1578 Hiibner:
589 1542 662 1576 Der
694 1541 882 1585 Ursprung
915 1551 981 1574 von
1013 1540 1152 1584 Mainz‚
1187 1541 1336 1576 Jahrbb.
1371 1541 1431 1576 des
1463 1541 1614 1576 Vereins
1647 1552 1713 1576 von

217 1601 457 1637 Altertumsfr.
484 1600 530 1634 im
557 1599 696 1636 Rheinl.
722 1600 837 1634 LXIV
864 1611 896 1644 p.
914 1603 974 1643 423
1014 1600 1152 1635 Becker
1178 1600 1198 1634 1.
1217 1601 1237 1634 l.
1267 1612 1299 1644 p.
1318 1604 1338 1635 8
1365 1605 1400 1634 et
1425 1599 1503 1634 adn.
1522 1603 1555 1644 13
1593 1600 1713 1643 Bergk

217 1660 239 1694 1.
272 1659 292 1693 l.
328 1670 361 1703 p.
388 1662 473 1698 510;
507 1658 624 1692 verbis
650 1657 721 1692 illis
757 1658 898 1691 »vicani
922 1657 1257 1704 Illoyontiacenses«
1299 1658 1567 1700 Mogontiacum
1599 1657 1713 1691 vicum

218 1718 328 1752 fuisse
356 1715 591 1750 demonstrari
618 1715 773 1759 Bergkio
800 1715 976 1750 assentior
1002 1716 1043 1749 cf.
1071 1715 1091 1749 l.
1118 1716 1138 1749 l.
1166 1716 1245 1750 adn.
1268 1720 1294 1750 l.

331 1775 360 1818 2)
387 1774 430 1809 cf.
457 1774 596 1808 Becker
620 1785 652 1817 p.
672 1776 692 1808 5
713 1783 763 1816 sq.

333 1834 362 1875 3)
387 1832 470 1867 ibid.
498 1843 530 1876 p.
549 1832 648 1866 7—9.

334 1892 362 1933 4)
388 1890 433 1924 ib.
460 1901 493 1933 p.
516 1892 556 1924 10
581 1888 617 1922 in
642 1889 746 1923 titulo
772 1888 878 1923 medii
905 1889 1037 1923 saeculi
1065 1889 1221 1923 secundi.

334 1949 363 1989 5)
389 1947 434 1981 ib.
462 1947 497 1980 in
523 1946 576 1980 tit.
604 1946 687 1980 anni
716 1949 779 1981 199
804 1957 836 1990 p.
857 1946 954 1990 Chr.;
982 1946 1043 1981 sed
1070 1946 1112 1980 cf.
1139 1946 1287 1980 Hiibner
1313 1946 1332 1980 1.
1358 1946 1379 1980 l.
1408 1957 1439 1990 p.
1457 1950 1501 1981 43
1521 1957 1571 1989 sq.

335 2006 363 2045 6)
390 2005 436 2038 ib.
462 2004 498 2038 in
524 2004 577 2038 tit.
604 2014 634 2038 a.
652 2007 719 2039 220
744 2015 776 2048 p.
797 2004 877 2039 Chr.

336 2063 364 2103 ⁷)
389 2062 538 2106 Becker,
564 2061 779 2096 Inschriften
804 2072 872 2096 von
897 2061 1018 2095 Mainz
1042 2073 1074 2095 n.
1093 2064 1146 2096 93.

338 2120 366 2163 8)
393 2119 434 2153 cf.
461 2118 600 2153 Becker
626 2130 658 2163 p.
676 2122 715 2163 83
742 2119 861 2162 Bergk
888 2131 919 2162 p.
938 2122 1014 2154 512.
1065 2109 1164 2153 Sicut
1186 2117 1405 2161 Mogontiaci
1431 2116 1545 2150 vicani
1569 2116 1717 2159 Mogon-

224 2179 412 2221 tiacenses,
435 2177 486 2211 ita
509 2176 623 2220 Aquis
650 2186 789 2219 quoque
818 2177 965 2209 »vilsam
983 2176 1191 2221 Aquenses«
1221 2175 1256 2208 in
1283 2174 1386 2208 titulo
1410 2174 1515 2208 inscr.
1534 2174 1633 2208 Helv.
1652 2176 1715 2208 241

225 2238 441 2279 comparent,
467 2233 527 2277 qui
553 2238 670 2267 utrum
697 2233 792 2267 cives
811 2233 960 2267 Romani
986 2233 1129 2277 fuerint,
1155 2233 1215 2276 qui
1242 2231 1585 2266 administrationem
1609 2230 1719 2265 totius

225 2293 290 2327 vici
320 2291 494 2336 gesserint
519 2291 659 2335 ipsique
685 2290 800 2324 vicani
826 2290 911 2324 facti
939 2291 1019 2335 sint,
1046 2296 1084 2325 ut
1101 2290 1278 2334 Nauporti
1304 2289 1371 2323 hoc
1397 2288 1623 2323 statuendum
1642 2299 1719 2323 esse

226 2349 428 2395 putavimus
453 2348 545 2392 (vide
564 2357 673 2392 supra
698 2359 730 2391 p.
749 2349 806 2391 32)
831 2357 876 2380 an
895 2347 1095 2390 indigenae,
1121 2347 1214 2380 inter
1232 2356 1319 2390 quos
1346 2346 1439 2380 cives
1463 2346 1614 2380 Romani
1638 2356 1719 2380 con-

226 2407 351 2442 sociati
379 2406 605 2441 constiterint
632 2405 687 2450 (cf.
714 2405 819 2439 inscr.
846 2405 945 2439 Helr.
972 2416 1004 2438 n.
1023 2407 1102 2448 261)
1134 2404 1251 2438 adhuc
1278 2404 1470 2448 disceptari
1496 2414 1564 2438 non
1591 2408 1719 2448 potest.

342 2465 370 2507 9)
397 2463 499 2498 CIRh
524 2466 591 2499 956
616 2465 710 2507 (app.
736 2474 769 2496 n.
791 2464 867 2506 119)
899 2473 929 2496 a.
956 2465 1019 2497 198
1052 2473 1084 2506 p.
1109 2462 1189 2496 Chr.
1244 2461 1283 2495 L.
1318 2461 1472 2495 Senilius
1505 2460 1720 2495 Decimanus

227 2522 341 2566 primo
368 2525 546 2565 quaestor,
571 2524 645 2554 tum
671 2524 815 2553 curator
839 2518 968 2553 civium
993 2517 1232 2552 Romanorum
1259 2523 1345 2552 erat.

328 2580 371 2621 ι0)
396 2577 616 2612 Decuriones
648 2576 754 2611 huius
787 2581 979 2611 conventus
1011 2576 1098 2610 duos
1130 2575 1368 2619 cognovimus.
1424 2576 1467 2610 cf.
1500 2575 1602 2610 CIRh
1636 2576 1721 2610 1067

227 2640 323 2681 (app.
357 2647 389 2670 n.
411 2638 488 2677 120)
521 2640 556 2669 et
589 2637 676 2670 1130
706 2640 801 2678 (app.
833 2645 866 2667 n.
893 2636 981 2675 121).
1037 2633 1234 2676 Utrumque
1266 2633 1409 2667 titulum
1440 2633 1545 2667 tertio
1580 2632 1721 2667 saeculo

228 2693 382 2738 positum
409 2703 485 2727 esse
512 2702 620 2736 supra
645 2693 715 2726 iam
741 2691 904 2726 diximus.
