1928 2884
798 159 1074 198 „92—

192 285 286 323 dum
328 281 411 323 est?
473 285 672 336 Equidem
713 296 792 322 non
837 290 955 333 puto„
1001 281 1094 332 quia
1138 281 1362 332 ceteroquin
1409 281 1458 319 de
1502 279 1548 318 iis
1591 277 1687 317 locis

192 352 341 400 melius,
374 365 493 402 quarn
526 354 577 392 de
608 353 791 391 omnibus
829 351 913 389 aliis
944 363 1110 400 usquam
1147 350 1308 389 canabis
1339 350 1527 388 docemur
1557 346 1687 397 titulis,

193 421 338 472 quippe
360 422 427 472 qui
457 423 497 461 in
528 422 600 460 illis
622 420 848 472 regionibus
870 419 1018 470 Libyae
1040 420 1213 463 desertis,
1245 431 1346 468 quae
1367 431 1390 456 a
1411 416 1690 467 posterioribus

191 491 374 542 gentibus
405 499 485 530 tam
517 503 604 529 raro
635 496 852 539 occupatae
873 488 1080 538 minusque
1102 488 1251 526 dirutae
1274 494 1374 533 sunt,
1407 498 1544 525 omnes
1566 486 1690 523 multo

194 560 324 598 sanius
363 567 480 609 atque
517 559 703 611 integrius
740 570 863 607 usque
904 558 956 595 ad
996 565 1171 595 nostram
1215 564 1379 595 aetatem
1419 554 1559 594 servati
1601 552 1689 592 sint.

193 629 294 666 Mihi
324 641 415 666 vero
446 627 550 666 aliud
581 627 771 677 quiddam
803 626 854 664 ad
884 626 983 663 haec
1013 625 1250 675 explicanda
1288 624 1327 662 in
1365 631 1536 662 mentem
1575 620 1690 668 venit,

194 697 303 746 quod
333 697 541 747 proferam,
574 695 723 734 etiamsi
754 707 834 733 uno
866 702 1018 732 tantum
1049 693 1274 732 testimonio
1297 693 1557 731 confirmatur.
1613 689 1694 729 Bri-

194 765 350 816 getione
381 765 485 803 enim
518 764 558 803 in
588 764 719 814 lapide
749 762 974 801 nominatur
1004 761 1166 811 quidam
1211 757 1426 808 »demerim
1469 757 1541 813 qui
1570 756 1693 807 ‘magli-

196 839 354 881 strat«,
401 847 453 872 sc.
493 833 531 871 in
570 830 786 881 canabisl).
854 830 939 869 Nisi
978 831 1090 868 fallor
1128 830 1220 868 inde
1260 830 1386 868 elucet
1425 828 1463 866 in
1500 828 1567 867 illo
1607 828 1695 866 vieo

197 902 382 942 castrensi
413 914 492 940 non
524 901 731 953 magistros
763 900 899 947 fuisse,
933 900 1003 937 sed
1034 899 1265 937 decuriones
1298 898 1404 947 ipsos
1436 896 1695 948 magistrasse‚

197 973 359 1010 fortasse
390 978 497 1009 certo
521 970 671 1017 ordine,
704 969 772 1019 qui
793 970 844 1007 ab
864 966 1052 1006 universis
1074 966 1352 1004 decurionibus
1376 965 1696 1006 constituebatur.

198 1042 316 1078 Hanc
346 1047 476 1078 autem
509 1037 809 1077 administrandi
845 1036 1034 1075 rationem
1073 1048 1153 1073 non
1191 1036 1315 1073 solum
1349 1034 1590 1085 Brigetione‚
1629 1033 1698 1072 sed

199 1108 315 1147 etiarn
347 1108 431 1146 aliis
462 1108 500 1146 in
533 1107 628 1146 vicis
659 1106 853 1145 eiusmodi
883 1105 1016 1149 fuisse,
1058 1114 1175 1154 atque
1213 1104 1309 1142 inter
1339 1105 1412 1142 hos
1444 1103 1697 1142 Lambaesim

198 1187 236 1217 et
267 1178 555 1228 Verecundam,
588 1179 750 1216 fortasse
781 1175 897 1214 etiam
921 1175 1106 1224 Apulum,
1139 1173 1403 1212 numerandas
1435 1185 1531 1217 esse,
1563 1170 1697 1210 nescio

199 1261 248 1286 an
280 1247 457 1286 conicere
478 1246 640 1297 possim,
673 1254 714 1284 ut
735 1245 911 1283 vicorum
935 1243 1188 1282 castrensium
1221 1243 1260 1280 in
1281 1241 1595 1280 administrando
1617 1241 1698 1280 duo

199 1330 340 1368 genera
360 1317 586 1364 habeamus,
615 1315 783 1364 primum
806 1313 915 1351 vicos
938 1326 960 1349 a
981 1311 1174 1362 magistris
1196 1311 1354 1350 duobus
1376 1317 1501 1348 rectos
1533 1308 1698 1360 (Aquin-

201 1398 310 1434 cum,
344 1383 571 1431 Troesmin,
606 1382 867 1430 Asturicam),
901 1381 1044 1419 deinde
1075 1393 1154 1430 eos,
1187 1380 1330 1429 quibus
1362 1378 1596 1417 decuriones
1627 1377 1700 1428 ipsi

202 1454 338 1493 ordine
378 1455 552 1504 quodam
596 1452 868 1503 magistrantes
899 1450 1110 1501 praefuisse
1153 1449 1342 1489 videntur.
1407 1447 1696 1498 (Brigetionem‚

202 1522 466 1568 Lambaesim,
499 1522 787 1566 Verecundam,
824 1520 1015 1570 Apulum)
1030 1517 1093 1569 (ἓ).

317 1592 400 1628 Iam
432 1603 537 1635 vero,
570 1590 676 1639 quod
706 1589 891 1627 omnibus
924 1588 961 1625 in
985 1587 1243 1626 conventibus
1265 1585 1409 1625 civium
1432 1587 1702 1624 Romanorum

205 1667 240 1698 et
262 1659 430 1698 Orientis
461 1667 497 1698 et
519 1658 759 1707 Occidentis,
791 1659 864 1696 sub
885 1656 1102 1707 principatu
1124 1655 1341 1694 admodum
1372 1654 1558 1692 usitatum
1588 1653 1704 1692 fuisse

204 1730 483 1779 perspeximus,
517 1729 555 1767 in
587 1729 631 1766 iis
664 1727 911 1778 potissimum
943 1726 1056 1764 divos
1088 1725 1340 1774 imperatores
1373 1724 1497 1761 cultos
1520 1735 1603 1760 esse
1623 1734 1704 1760 eos-

206 1810 299 1847 que,
333 1799 400 1848 qui
431 1797 559 1848 ipsum
591 1797 853 1847 principatum
886 1796 1088 1843 tenebant,
1128 1792 1248 1831 titulis
1279 1799 1345 1830 aut
1376 1791 1458 1829 aliis
1489 1789 1704 1829 honoribus

206 1868 366 1905 affectos
406 1880 507 1914 esse,
540 1866 580 1905 id
617 1867 654 1904 in
695 1865 852 1903 canabis
883 1876 1061 1914 quoque,
1101 1862 1415 1912 quibuscumque
1455 1860 1494 1899 in
1533 1858 1705 1899 terminis

207 1935 356 1986 imperii
386 1935 568 1974 conditae
606 1945 734 1985 erant,
776 1942 950 1984 apparet.
1012 1932 1203 1971 Plurimos
1246 1931 1350 1969 enirn
1389 1938 1537 1980 praeter
1576 1929 1706 1967 titulos

207 2005 322 2043 etiam
346 2012 504 2053 statuas,
529 2017 652 2050 arcus5
677 2017 775 2053 aras,
798 2004 945 2052 templa
967 2001 1266 2052 imperatoribus
1284 2011 1533 2038 consecrasse
1554 1999 1706 2036 incolas

209 2075 445 2112 canabarum
478 2070 683 2121 constat2).
732 2072 810 2110 Sed
843 2071 970 2109 varios
1001 2082 1159 2120 quoque
1180 2070 1275 2107 deos
1296 2067 1572 2118 negotiatores,
1606 2079 1705 2104 mer-

327 2186 352 2228 1)
377 2183 453 2218 CIL
469 2183 520 2217 III
538 2186 629 2218 4298
654 2185 748 2226 (app.
775 2193 807 2216 n.
831 2184 916 2225 125).
960 2181 1174 2215 conferatur
1191 2179 1251 2214 ille
1269 2179 1305 2213 in
1323 2177 1428 2212 titulo
1447 2176 1623 2220 Apulensi
1649 2175 1708 2219 (ib,

212 2245 299 2278 1008
324 2257 366 2272 =
394 2251 474 2285 app.
501 2252 534 2275 n.
556 2242 642 2284 140),
669 2240 731 2284 qui
760 2240 1010 2284 »mayistrans
1031 2238 1179 2283 primus
1203 2237 1243 2270 in
1268 2234 1440 2269 canabis«
1468 2233 1680 2278 appellatur.

325 2299 353 2342 2)
378 2298 568 2333 Durostori
593 2298 668 2332 Iovi
694 2298 733 2331 Ο.
751 2297 799 2330 M.
827 2307 892 2340 pro
919 2295 1035 2330 salute
1053 2293 1225 2328 Antonini
1243 2293 1300 2326 Pii
1326 2291 1497 2336 templum
1521 2300 1564 2325 ae
1589 2295 1709 2325 statua

211 2361 455 2391 consecratum
482 2360 536 2390 est
561 2354 650 2399 (CIL
674 2354 725 2387 111
751 2352 875 2397 Suppl.
895 2353 983 2386 7474
1008 2366 1048 2380 =
1075 2360 1155 2394 app.
1182 2360 1213 2383 n.
1238 2350 1324 2392 131),
1350 2346 1521 2390 Troesmi,
1548 2346 1578 2380 si
1605 2345 1708 2380 modo

211 2413 337 2448 titulus
363 2413 439 2457 ille,
472 2412 532 2456 qui
563 2411 695 2455 legitur
728 2410 804 2444 CIL
828 2409 880 2443 III
913 2407 1035 2452 Suppl.
1063 2408 1150 2442 7597
1178 2409 1271 2450 (app.
1297 2416 1329 2439 n.
1352 2406 1445 2448 135),
1478 2403 1523 2437 ad
1555 2403 1709 2437 canabas

211 2470 277 2504 has
309 2474 405 2504 recte
437 2469 601 2512 refertur,
632 2468 804 2511 templum
836 2472 871 2500 et
903 2476 965 2500 ara
996 2465 1044 2499 M.
1074 2465 1221 2499 Aurelio
1255 2464 1384 2498 Severo
1419 2461 1618 2505 Antonino,
1648 2460 1709 2504 qui

213 2527 315 2570 vulgo
345 2526 531 2561 Caracalla
559 2526 773 2568 nominatur,
807 2535 849 2558 ex
882 2523 1000 2558 usuris
1031 2522 1224 2567 pecuniae,
1256 2531 1347 2565 quae
1381 2519 1516 2554 civibus
1547 2518 1598 2552 ibi
1629 2528 1710 2552 con-

216 2585 428 2620 sistentibus
453 2595 475 2619 a
499 2584 573 2618 viro
603 2582 756 2627 quodam
782 2588 844 2616 aut
869 2592 912 2615 ex
936 2585 1149 2615 testamento
1176 2584 1239 2613 aut
1261 2578 1451 2612 donatione
1476 2575 1609 2610 tradita
1633 2585 1710 2610 esse

214 2643 364 2678 videtur.
413 2641 603 2678 Lambaesi
628 2651 692 2685 per
717 2640 784 2683 leg.
810 2638 863 2673 111
888 2639 981 2682 Aug.
1007 2648 1129 2681 arcus,
1160 2636 1190 2670 si
1216 2634 1492 2670 Wilmannsium
1519 2632 1712 2677 sequimur,

216 2701 406 2735 Commodo
433 2699 639 2745 imperatori
666 2702 869 2733 exstructus
895 2701 948 2731 est
973 2694 1064 2739 (CIL
1090 2694 1173 2729 VIII
1199 2696 1310 2737 2698).

1916 1339 1928 1427 ἑ

1918 1520 1928 1565 12

1925 2508 1928 2516 .
1920 2240 1928 2487 ..ψ-μ..
1920 2018 1928 2230 μμ*.-ε.-.
1918 1694 1928 2007 &Qua-...n
1919 1611 1928 1685 ..ιμ-
