2002 2905
328 828 709 896 praeclarissimum
740 855 836 894 illud
859 854 1094 906 Senecae¹):
1133 854 1404 908 »ubicumque
1435 855 1536 895 vicit
1554 855 1711 897 Roma-

213 937 304 973 nus,
333 922 517 962 habitat«
545 923 728 961 omnibus
750 922 1003 972 temporibus,
1027 922 1171 972 quibus
1193 924 1467 963 Romanorum
1488 925 1712 975 respublica

212 993 382 1032 maxime
411 993 587 1037 florebat,
620 1003 643 1028 a
673 990 799 1039 prima
829 998 954 1028 aetate
984 991 1090 1029 urbis
1122 1003 1244 1040 usque
1275 993 1325 1030 ad
1354 995 1553 1032 saeculum
1576 1006 1711 1032 secun-

213 1063 307 1100 dum
348 1074 385 1111 p.
419 1061 513 1101 Chr.
545 1073 602 1103 n.,
644 1059 778 1108 quoad
815 1067 896 1097 erat
934 1059 1007 1097 illis
1046 1061 1298 1099 excrescendi
1335 1062 1600 1112 terminosque
1637 1062 1709 1101 im-

212 1128 307 1178 perii
338 1128 583 1179 propagandi
614 1127 672 1165 vis
703 1134 820 1176 atque
841 1129 1015 1174 facultas,
1049 1130 1259 1178 plurimum
1282 1131 1449 1170 valebat.
1503 1130 1712 1180 Quotiens·

213 1208 382 1245 cumque
413 1196 517 1234 enim
556 1208 660 1233 nova
695 1194 802 1245 regio
839 1195 955 1233 armis
994 1195 1193 1246 legionum
1230 1205 1310 1236 erat
1347 1200 1531 1247 subacta,
1569 1199 1711 1249 partim

212 1276 235 1301 a
266 1272 402 1302 senatu
433 1264 660 1313 populoque
689 1263 821 1301 coloni
857 1263 896 1301 in
927 1264 1015 1301 loca
1052 1272 1275 1314 opportuna
1311 1274 1430 1316 atque
1466 1267 1609 1306 idonea
1646 1268 1714 1306 de-

211 1332 470 1379 ducebantur,
512 1331 654 1381 partim
686 1331 864 1370 homines
895 1331 1033 1381 privati
1065 1332 1194 1371 statim
1233 1333 1446 1384 cupiditate
1482 1348 1565 1374 rem
1602 1348 1712 1374 suam

211 1400 382 1450 augendi
413 1401 464 1439 ad
495 1408 646 1439 exteras
677 1399 856 1438 nationes
887 1399 1146 1449 rapiebantur.
1202 1402 1279 1440 Sed
1311 1403 1407 1441 haec
1436 1403 1596 1454 quidem
1628 1412 1711 1443 tum

211 1469 371 1506 demum
411 1468 492 1506 fieri
533 1475 759 1517 potuerunt,
803 1479 894 1505 cum
934 1480 998 1515 ea,
1040 1480 1141 1518 quae
1178 1469 1347 1509 maxime
1385 1483 1483 1521 opus
1524 1480 1613 1510 sunt
1659 1472 1712 1510 ad

211 1535 491 1586 negotiandum
529 1544 647 1585 atque
684 1542 922 1573 mercaturas
959 1535 1176 1584 faciendas,
1218 1539 1367 1587 populo
1400 1541 1584 1579 Romano
1627 1553 1715 1591 sup-

211 1605 412 1653 petebant:
445 1604 681 1642 desiderium
712 1603 810 1641 illud
840 1602 1023 1653 primum,
1056 1617 1136 1654 quo
1167 1605 1347 1645 homines
1378 1607 1640 1659 impelluntur,
1672 1618 1714 1649 ut

212 1673 312 1722 plus,
345 1684 464 1721 quam
496 1684 597 1721 quae
628 1680 716 1710 sunt
746 1673 796 1709 ad
820 1671 1032 1710 vivendum
1061 1673 1280 1712 necessaria
1302 1687 1481 1725 quaeque
1510 1677 1564 1715 ad
1586 1677 1714 1727 quoti—

212 1740 374 1779 dianum
416 1753 529 1778 usum
569 1740 797 1790 victumque
838 1741 1050 1790 pertinent,
1093 1741 1167 1780 sibi
1208 1751 1361 1792 parent,
1405 1744 1551 1784 deinde
1591 1747 1715 1784 abun-

211 1808 347 1847 dantia
377 1808 583 1858 pecuniae,
623 1821 701 1858 qua
737 1809 879 1859 optatis
916 1809 989 1848 illis
1028 1809 1248 1849 satisfacere
1286 1809 1508 1863 possunt2).
1582 1814 1715 1863 Quam

213 1878 267 1915 ob
300 1890 380 1915 rem
419 1879 564 1915 factum
602 1884 679 1924 est,
718 1885 759 1915 ut
797 1877 966 1927 antiquis
1004 1878 1246 1928 temporibus
1284 1879 1427 1919 liberae
1462 1881 1713 1932 reipublicae,

213 1945 357 1994 quibus
388 1945 499 1983 Italia
538 1944 622 1995 ipsa
660 1945 698 1983 in
730 1947 954 1984 Romanam
995 1946 1191 1985 dicionem
1230 1949 1391 1988 redacta
1430 1958 1505 1997 est,
1549 1951 1715 1990 coloniis

214 2013 407 2051 Romanis
439 2013 618 2051 latinisve
649 2014 867 2052 constitutis
899 2014 1066 2053 victores
1099 2016 1275 2055 devictas
1314 2024 1433 2056 terras
1474 2026 1716 2069 occuparent

212 2088 249 2119 et
279 2082 517 2129 obtinerent,
556 2090 693 2131 postea
730 2095 820 2121 cum
861 2090 968 2121 extra
997 2084 1150 2122 Italiam
1190 2085 1342 2135 imperii
1380 2087 1475 2125 fines
1511 2100 1716 2136 promove-

214 2156 356 2199 rentur,
389 2162 466 2200 qua
497 2158 621 2188 aetate
650 2150 787 2189 civitas
811 2154 994 2190 Romana
1022 2160 1101 2191 erat
1133 2153 1303 2192 maxime
1325 2156 1579 2194 corroborata
1598 2163 1717 2205 atque

212 2223 421 2267 utrumque
453 2217 571 2265 illud,
613 2220 721 2268 quod
760 2221 1058 2259 fundamentum
1098 2222 1325 2261 commercii
1363 2223 1557 2274 principio
1588 2224 1718 2275 posui-

213 2297 317 2335 mus,
360 2286 437 2324 iam
469 2287 619 2324 dudum
652 2289 847 2336 exstabat,
889 2289 1118 2338 provinciae
1148 2291 1356 2341 praecipue
1386 2292 1612 2331 hominibus
1643 2293 1716 2342 pri-

213 2353 313 2392 vatis
344 2354 396 2392 ibi
429 2355 539 2393 sedes
572 2356 876 2406 collocantibus,
920 2357 984 2396 ubi
1019 2358 1056 2396 in
1090 2359 1204 2397 variis
1237 2359 1402 2410 negotiis
1433 2361 1716 2411 generibusque

213 2428 395 2470 quaestus
427 2422 600 2461 faciendi
630 2426 895 2472 versabantur,
928 2425 1252 2475 permitterentur.
1306 2429 1408 2466 Nam
1432 2429 1602 2467 Romani
1630 2429 1713 2467 illo—

329 2579 358 2622 1)
384 2577 429 2612 ad
457 2577 557 2612 Helv.
584 2589 627 2613 m.
653 2579 720 2613 VII
745 2580 776 2616 7.

327 2634 354 2679 ²)
380 2635 501 2680 Voigt,
526 2636 581 2671 ius
608 2637 771 2671 naturale
797 2637 830 2670 11
855 2648 888 2681 p.
907 2640 1076 2672 586-92.

283 2698 433 2724 Berliner
454 2699 597 2726 Studien.
638 2700 719 2725 xlv.
758 2701 780 2725 1.
1429 2698 1444 2729 l
