1928 2884
785 109 1064 147 -70-

174 231 397 285 allexisse1)
427 233 505 274 iam
536 233 720 274 diximus.
772 233 850 273 Sed
872 239 1081 283 postquam
1104 233 1210 272 bello
1241 232 1356 272 tertio
1377 233 1560 271 confecto
1581 243 1679 282 opu-

173 302 433 342 lentissimum
464 302 578 342 huius
610 315 701 341 orae
731 301 950 352 emporium
983 301 1181 340 sublatum
1213 308 1287 349 est⁷
1320 302 1439 340 Utica
1475 300 1516 339 in
1545 302 1678 339 locum

175 372 354 410 aemulae
385 372 626 411 succedebat
657 378 978 419 conventumque
1019 369 1165 408 civium
1197 372 1469 408 Romanorum
1512 367 1680 418 excipie-

176 441 259 480 bat.
320 440 401 479 Hic
441 440 545 479 enim
586 441 802 491 permultos
841 439 1101 490 negotiatores
1140 439 1383 489 temporibus
1423 437 1516 477 belli
1547 439 1680 488 Iugur-

177 510 273 549 thini
305 509 525 548 constitisse
558 510 764 548 Sallustius
795 515 955 547 testatur
967 505 1000 556 ²)
1033 519 1247 556 eorumque
1286 507 1513 546 societatem
1551 507 1689 557 primo

175 579 336 617 'saeculo
380 591 633 629 permagnam
680 578 798 616 fuisse
844 576 1111 626 compluribus
1161 588 1207 614 ex
1256 575 1352 614 locis
1403 571 1679 625 scriptorum³)

176 647 316 685 elucet.
385 649 419 685 E
457 653 654 685 conventu
685 645 865 684 Uticensi
905 645 1023 683 etiam
1065 645 1188 692 Cato,
1233 656 1322 682 cum
1366 645 1502 682 urbem
1544 650 1682 681 contra

178 716 385 754 Caesarem
417 714 654 761 defenderet,
685 720 882 752 trecentos
913 714 1019 761 illos,
1053 724 1221 763 quorum
1252 725 1437 752 numerus
1470 712 1583 751 simul
1614 725 1681 750 no-

177 795 269 822 men
299 789 392 829 erat,
425 781 567 831 quibus
599 788 756 820 senatus
788 782 877 820 loco
908 781 1139 831 Pompeiani
1169 783 1398 828 utebantur,
1439 778 1680 830 supplevit4)

176 850 295 901 idque
326 863 347 888 e
376 849 705 901 negotiatoribus,
735 848 1020 888 honestissimis
1051 857 1168 899 atque
1198 849 1465 887 illustrissimis
1496 848 1588 887 viris
1619 861 1682 887 so-

179 919 339 958 cietatis.
391 920 438 956 In
469 931 515 956 ea
545 929 705 968 quoque
737 919 820 956 sola
851 919 951 956 Cato
982 917 1190 966 nitebatur,
1223 930 1313 956 cum
1341 919 1569 957 Uticensem
1602 919 1682 968 ple-

180 989 271 1027 bem
302 1000 351 1025 ex
383 985 534 1037 oppido
565 985 739 1025 eiecisset
771 993 1029 1035 senatumque
1067 987 1107 1024 in
1149 986 1331 1025 custodia
1369 994 1526 1025 teneret.
1588 988 1683 1025 Hoc

178 1055 292 1107 igitur
322 1055 448 1093 modo
478 1054 591 1093 facile
620 1054 733 1105 quasi
754 1055 957 1105 quoddam
981 1054 1240 1105 municipium
1262 1057 1503 1103 Romanum,
1534 1054 1574 1093 in
1601 1067 1682 1105 quo

298 1215 323 1255 ¹)
349 1213 443 1257 App.
469 1211 547 1246 Lib.
573 1213 618 1246 92
642 1210 701 1254 (cf.
728 1210 774 1245 ib.
801 1221 829 1245 c.
856 1214 876 1245 5
903 1216 938 1245 et
963 1210 1085 1256 Polyb.
1102 1211 1153 1245 ΙΙΙ
1171 1214 1240 1254 22).

294 1270 324 1314 ²)
351 1268 435 1304 Sall.
461 1268 541 1303 bell.
567 1267 643 1311 Iug.
670 1270 724 1302 64.
749 1271 780 1302 5.

296 1328 323 1372 3)
350 1326 421 1361 Cic.
447 1326 484 1360 in
508 1325 610 1359 Verr.
637 1324 658 1358 1.
684 1324 699 1358 I
725 1326 779 1359 27.
806 1327 866 1369 693
890 1325 1010 1358 Valer.
1037 1324 1133 1359 Max.
1161 1325 1211 1359 IX
1241 1329 1291 1362 10.
1317 1330 1356 1370 2;
1383 1327 1483 1362 Caes.
1510 1327 1591 1362 bell.
1619 1327 1682 1361 ciV.

181 1389 216 1423 11
241 1389 302 1430 363
335 1385 440 1420 Auct.
473 1382 555 1417 bell.
582 1381 693 1416 Afric.
721 1384 782 1426 683
815 1385 877 1426 903
910 1381 1003 1416 Plut.
1036 1382 1123 1417 Cato
1155 1383 1238 1417 min.
1264 1386 1309 1419 59
1335 1388 1370 1418 et
1395 1387 1457 1428 613
1489 1384 1558 1418 Dio
1584 1384 1681 1419 Cass.

180 1448 235 1481 43.
264 1447 317 1479 10.

297 1501 324 1545 4)
349 1501 454 1534 Auct.
479 1498 561 1533 bell.
586 1498 698 1532 Afric.
724 1501 777 1533 88.
804 1501 864 1542 9Ο;
897 1498 991 1542 App.
1018 1498 1098 1533 bell.
1126 1499 1190 1534 civ.
1217 1500 1251 1533 II
1276 1502 1330 1535 95.
1369 1499 1555 1534 Plutarchi
1580 1501 1684 1540 (Cato

182 1559 297 1594 minor
330 1559 374 1593 59
406 1560 442 1591 et
473 1558 531 1596 61)
568 1554 809 1589 narrationem
841 1553 985 1599 falsam,
1024 1565 1095 1598 qua
1128 1555 1321 1599 explicavit
1354 1560 1533 1592 trecentos
1572 1556 1684 1591 fuisse

185 1626 332 1652 omnes
356 1614 600 1658 negotiatores
626 1612 753 1648 Uticae
780 1612 1016 1647 consistentes
1041 1612 1257 1657 Mommsen,
1283 1612 1347 1647 RG
1374 1613 1425 1647 III
1450 1624 1483 1658 p.
1501 1616 1568 1649 408
1593 1613 1685 1659 adn„

184 1685 247 1710 suo
272 1674 350 1708 iure
375 1671 549 1707 iudicavit
573 1681 650 1706 esse
675 1674 796 1704 natam
822 1669 922 1713 inde,
954 1670 1047 1713 quod
1073 1669 1206 1704 fontem
1232 1680 1335 1705 suum
1365 1670 1463 1707 (bell.
1489 1670 1600 1705 Afric.
1626 1673 1685 1713 90)

183 1731 243 1766 ille
269 1731 422 1774 scriptor
446 1739 564 1763 rerum
589 1739 659 1763 non
684 1727 939 1771 perspexisset.
996 1728 1036 1761 In
1061 1727 1142 1762 bell.
1169 1727 1280 1762 Afric.
1308 1732 1427 1762 autem
1452 1739 1480 1762 c.
1507 1731 1552 1763 90
1577 1728 1685 1762 verba

184 1787 386 1832 scriptoris,
419 1796 511 1830 quae
543 1786 614 1820 huc
647 1790 827 1829 spectant,
861 1795 931 1819 non
967 1785 1034 1830 sic,
1067 1790 1107 1820 ut
1139 1784 1301 1820 Wolfflin
1334 1789 1369 1819 et
1403 1784 1609 1820 Miodor'iski
1643 1795 1685 1820 ea

184 1844 462 1880 emendaverunt
486 1843 541 1877 vel
573 1842 692 1887 potius
725 1847 977 1887 corruperunt,
1016 1841 1168 1886 legenda
1201 1848 1291 1877 sunt.
1347 1842 1424 1877 Hoc
1457 1843 1549 1877 enim
1581 1841 1684 1877 modo

185 1902 351 1937 mutilant
375 1904 530 1935 textum:
569 1899 745 1934 »Postero
771 1900 830 1934 die
855 1911 965 1933 mane
999 1901 1037 1933 in
1064 1900 1245 1945 oppidum
1276 1901 1418 1934 introiit
1449 1903 1510 1943 (sc.
1538 1899 1684 1943 Caesar)

185 1960 349 1994 contione
383 1957 569 1992 advocata
613 1957 794 1993 Uticenses
828 1958 993 2004 [incolas]
1028 1958 1237 1992 cohortatus
1271 1958 1418 2003 yratias
1450 1970 1523 2003 pro
1561 1969 1685 1992 eorum

187 2028 277 2063 crya
302 2027 338 2050 se
362 2015 486 2050 studio
512 2016 599 2061 eyit,
634 2017 726 2050 cives
749 2022 873 2050 autem
901 2016 1097 2050 Romanos
1129 2015 1398 2062 [neyotiatores]
1433 2015 1478 2060 [et
1503 2015 1590 2060 eos]‚
1622 2015 1686 2060 qui

189 2075 297 2120 [inter
325 2072 434 2117 000]
457 2073 640 2118 pecunias
665 2072 896 2107 contuleram
922 2072 1024 2107 Varo
1051 2078 1083 2106 et
1099 2072 1274 2118 Scipioni,
1299 2072 1423 2106 multis
1447 2072 1563 2106 verbis
1580 2083 1685 2106 accu-

184 2136 285 2165 satos
311 2135 343 2164 et
368 2130 413 2164 de
438 2141 561 2164 eorum
587 2130 779 2165 sceleribus
805 2130 967 2175 Zonyiore
992 2130 1119 2164 habita.
1146 2131 1313 2164 oratione
1339 2129 1393 2163 ad
1411 2135 1618 2168 merentum,
1646 2134 1685 2163 ut

185 2189 263 2222 sine
287 2193 384 2222 metu
404 2186 613 2232 prodirent,
640 2187 777 2221 edicit«
824 2187 893 2222 Sed
919 2188 1072 2231 primum
1090 2187 1185 2231 quod
1203 2186 1326 2221 dicunt
1349 2186 1591 2230 negotiatores
1615 2197 1685 2221 non

186 2249 283 2279 recte
302 2244 533 2280 Uticensibus
560 2245 702 2290 opponi,
729 2256 808 2280 cum
831 2245 961 2280 multos
980 2245 1178 2289 oppidanos
1195 2248 1431 2279 mercaturam
1448 2243 1576 2278 fecisse
1594 2243 1684 2278 veri-

188 2301 301 2337 simile
340 2301 402 2346 sit,
440 2311 510 2335 non
542 2312 713 2345 quaeram
745 2302 836 2337 sitne
869 2303 962 2338 idem
994 2306 1232 2337 mercaturam
1268 2301 1386 2335 facere
1419 2311 1460 2335 ac
1497 2300 1684 2345 negotiari,

188 2359 250 2394 sed
275 2358 519 2402 negotiatores
544 2358 749 2393 hominibus
775 2360 986 2403 peregrinae
1013 2359 1231 2394 condicionis
1258 2357 1467 2401 saepissime
1502 2359 1685 2402 oppositos

187 2426 265 2451 esse
302 2414 622 2450 demonstravimus
659 2420 707 2460 (p.
740 2419 763 2450 4
799 2421 834 2450 et
871 2416 950 2450 adn.
983 2419 1036 2460 3);
1075 2415 1203 2450 deinde
1240 2414 1411 2449 adnotant
1442 2415 1685 2459 negotiatores

188 2473 347 2508 diversos
371 2482 441 2507 non
467 2483 545 2507 esse
571 2473 615 2507 ab
640 2473 696 2519 iis,
722 2473 783 2517 qui
808 2473 980 2517 pecunias
1006 2472 1232 2507 contulerant
1257 2472 1300 2506 ad
1327 2471 1459 2506 bellum
1480 2472 1683 2516 gerendum.

188 2531 238 2565 At
261 2529 413 2565 trecenti
437 2529 489 2564 illi
514 2530 686 2574 pecunias
711 2530 953 2575 contulerant,
987 2535 1023 2565 et
1047 2535 1226 2564 trecentos
1250 2541 1320 2564 non
1348 2540 1492 2564 omnes
1525 2530 1684 2573 negotia-

188 2592 284 2621 tores
315 2586 442 2622 Uticae
474 2587 709 2622 consistent-es
741 2587 851 2621 fuisse
885 2588 954 2621 iam
989 2597 1098 2631 supra
1130 2587 1387 2621 Mommsenum
1422 2592 1566 2622 secutus
1598 2586 1684 2621 dixi.

189 2644 290 2678 Alias
317 2654 444 2678 causas
470 2644 609 2679 illorum
636 2644 792 2680 refutare
817 2634 895 2679 non
913 2655 1001 2688 opus
1028 2651 1090 2679 est.
