1928 2884
811 137 1088 177 ..64-

207 261 340 300 cilium
380 261 607 309 Metellum,
647 259 714 310 qui
753 263 959 300 consulatu
999 263 1225 312 perfunctus
1265 273 1370 300 anno
1411 259 1567 310 685s69
1610 259 1710 299 intra

201 342 327 368 annos
360 328 518 379 6536]ssss
551 336 588 367 et
619 328 777 379 6238!ssss
810 330 928 369 Creta
959 336 1084 380 capta,
1117 342 1220 380 quae
1249 336 1346 377 erat,
1378 336 1422 367 ut
1453 329 1576 367 modo
1610 328 1704 379 dixi,

201 399 445 449 praedonum
488 399 631 437 domus
675 399 947 448 furtorumque
985 397 1198 449 receptrix,
1240 396 1452 448 imperator
1490 398 1708 447 appellatus

201 474 271 516 est,
303 467 564 506 admiratione
592 475 894 517 prosequuntur,
926 474 1085 517 propter
1105 468 1175 505 has
1206 466 1310 516 ipsas
1341 479 1401 504 res
1423 467 1474 504 ab
1497 478 1545 504 eo
1566 472 1707 516 gestas,

201 536 276 575 nisi
305 537 428 584 fallor,
462 536 604 586 quibus
627 548 734 574 mare
755 538 957 586 Aegaeum
989 547 1161 585 oraeque
1188 534 1428 573 commercio
1450 546 1581 572 rursus
1603 541 1710 583 pate—

201 591 360 645 fiebant.
422 605 555 642 Altero
587 616 746 653 quoque
776 604 888 642 titulo
901 602 930 653 ¹)
963 603 1138 642 eiusdem
1170 603 1365 641 societatis
1397 611 1516 653 atque
1547 616 1610 651 eo,
1642 602 1709 653 qui

204 673 413 722 Olympiae
452 669 660 722 prodiit2)‚
698 672 804 711 urbis
846 671 969 710 Elidis
1011 679 1129 720 atque
1167 672 1314 710 civium
1345 673 1619 710 Romanorum
1656 671 1710 710 ibi

202 740 499 779 consistentium
521 740 769 791 magistratus
794 740 967 779 Romani
997 741 1252 791 honorantur,
1285 741 1379 778 dum
1403 740 1577 778 Romani
1597 742 1712 778 Man-

202 808 330 847 tineae
359 808 604 859 negotiantes
627 820 705 846 una
726 820 817 846 curn
840 809 914 846 hac
937 809 1042 855 urbe,
1077 820 1178 857 quae
1209 809 1249 846 in
1280 808 1394 846 titulo
1425 807 1452 846 ἆ
1484 806 1596 854 πόλις
1627 809 1710 846 τῶν

202 873 465 927 Ἀντιγονέων
506 877 724 927 appellatur
736 873 791 924 ³),
838 875 1139 914 illustrissimum
1182 876 1380 925 quendam
1423 875 1550 914 civem
1595 876 1710 914 huius

203 945 371 984 civitatis
401 944 618 984 honoribus
651 943 841 982 afficiunt.

319 1012 637 1053 Macedoniae
677 1025 770 1051 vero
808 1011 1036 1063 provinciae
1066 1023 1167 1062 quae
1207 1011 1386 1063 regiones
1416 1013 1467 1050 ad
1506 1012 1711 1051 meridiem

203 1090 405 1133 spectant,
447 1080 515 1120 ubi
546 1082 661 1120 urbes
691 1094 856 1132 graecae
887 1081 1117 1127 exstabant,
1160 1093 1225 1118 eas
1256 1080 1402 1131 primas
1433 1080 1605 1119 Romani
1644 1093 1708 1119 ne·

202 1151 296 1202 gotii
316 1159 492 1202 gerentes
515 1150 665 1200 cepisse
687 1149 881 1189 videntur.
926 1150 1030 1186 Nam
1052 1148 1105 1187 ibi
1127 1156 1165 1187 et
1188 1150 1357 1188 Beroeae
1367 1146 1400 1198 4)
1424 1157 1462 1188 et
1483 1147 1710 1199 Edessae5),

203 1231 304 1269 quae
335 1218 408 1257 sita
438 1225 519 1256 erat
548 1218 589 1255 in
619 1218 683 1255 illa
715 1216 790 1264 via,
824 1228 925 1266 quae
955 1217 1006 1254 ab
1034 1218 1193 1266 Aegaeo
1225 1228 1350 1266 usque
1380 1218 1432 1256 ad
1463 1216 1709 1256 Adriaticum

202 1300 310 1326 mare
340 1286 513 1326 mediam
542 1298 610 1336 per
631 1284 912 1323 Macedoniam
945 1285 1107 1330 ferebat,
1139 1284 1345 1324 societates
1376 1287 1507 1324 locum
1529 1285 1712 1324 habuisse

203 1369 249 1395 ex
288 1355 406 1394 titulis
448 1354 708 1406 cognoscitur.
771 1356 902 1403 Atque
942 1353 1061 1391 etiam
1101 1361 1192 1403 post
1229 1365 1402 1405 pugnam
1446 1354 1710 1392 Pharsalicam

202 1425 281 1463 iam
314 1437 498 1475 magnam
531 1423 824 1461 multitudinem
857 1422 1003 1460 civium
1036 1424 1311 1460 Romanorum
1352 1436 1421 1473 per
1459 1431 1581 1462 totam
1624 1436 1712 1474 pro-

204 1493 372 1532 vinciam
419 1493 636 1542 dispersam
682 1492 800 1530 fuisse
840 1488 1060 1540 Caesari56)
1106 1491 1232 1530 verbis
1280 1492 1329 1530 de
1374 1491 1505 1530 edicto
1546 1491 1711 1542 Pompei

202 1562 364 1601 nomine
396 1561 626 1611 Amphipoli
664 1559 892 1610 proposito,
934 1572 1014 1609 quo
1054 1573 1135 1598 non
1177 1561 1299 1598 modo
1333 1561 1599 1608 Graecorum,
1641 1560 1711 1599 sed

201 1631 319 1671 etiam
351 1631 496 1670 civium
530 1632 804 1668 Romanorum
837 1628 1004 1667 iuniores
1036 1628 1116 1667 eius
1148 1628 1377 1678 provinciae
1407 1628 1559 1667 iurandi
1591 1640 1711 1667 causa

202 1699 413 1738 convenire
444 1699 691 1745 iubebantur,
722 1698 1022 1737 demonstratur.

317 1770 439 1807 Porro
470 1780 518 1806 ex
540 1766 773 1805 Thracia
804 1779 903 1804 unus
934 1766 1064 1805 titulus
1097 1767 1200 1804 solus
1213 1764 1244 1816 ⁷)
1277 1766 1471 1805 societatis
1508 1765 1623 1804 nobis
1654 1772 1710 1804 est

318 1882 344 1920 l)
371 1878 448 1913 CIL
472 1878 524 1912 III
551 1877 676 1921 Suppl.
702 1877 792 1912 7265
818 1879 913 1920 (app.
942 1887 974 1909 n.
993 1879 1039 1918 3).

319 1937 348 1979 ²)
374 1936 640 1980 Dittenberger,
667 1934 816 1969 Aehaol.
842 1934 919 1977 Ztg.
950 1936 1036 1970 1877
1062 1945 1095 1978 p.
1114 1937 1158 1970 38
1184 1938 1280 1978 (app.
1307 1944 1339 1967 n.
1358 1936 1404 1975 6).

317 1995 347 2038 3)
372 1994 422 2029 Le
448 1993 710 2028 Bas—Foncart
740 1993 756 2026 Ι
780 1996 801 2027 2
833 2004 864 2026 n.
883 1995 950 2027 352
968 1992 990 2026 f.
1023 1996 1119 2037 (app.
1152 2003 1184 2026 n.
1210 1995 1256 2036 5).
1313 1991 1452 2025 Nomen
1484 1991 1708 2034 Antigoneae

201 2052 280 2086 urbi
299 2051 432 2095 datum,
457 2055 647 2095 postquam
673 2050 887 2093 Antigonus,
908 2049 980 2083 dux
995 2050 1235 2094 Achaeorum,
1260 2049 1297 2082 in
1316 2048 1408 2083 bello
1426 2058 1506 2083 cum
1521 2047 1709 2082 Cleomene

202 2114 302 2153 gesto
329 2119 407 2143 eam
433 2117 525 2142 anno
550 2109 618 2141 222
645 2117 674 2140 a.
695 2106 775 2140 Chr.
804 2106 909 2150 cepit,
936 2106 1085 2140 retinuit
1110 2117 1223 2150 usque
1247 2105 1290 2139 ad
1309 2105 1532 2140 Hadrianum
1556 2104 1708 2148 impera-

202 2172 327 2211 torem,
354 2166 414 2209 qui
441 2164 628 2208 antiquum
654 2174 782 2198 nomen
808 2163 1015 2198 Mantineae
1041 2163 1208 2198 restituit.
1261 2162 1303 2197 cf.
1329 2162 1423 2196 Plut.
1450 2163 1550 2196 Arat.
1575 2165 1630 2196 45.

316 2226 345 2264 4)
373 2221 661 2257 Delacoulonche
687 2232 757 2255 rev.
785 2221 817 2255 d.
844 2231 914 2255 soc.
941 2231 1012 2255 sav.
1039 2225 1090 2256 5a
1115 2224 1233 2262 (1858)
1258 2231 1290 2265 p.
1312 2222 1375 2256 791
1405 2223 1500 2263 (app.
1526 2230 1559 2253 n.
1579 2222 1626 2259 8).

316 2282 345 2320 5)
370 2279 421 2314 Le
447 2278 695 2313 Bas-Foucart
719 2279 735 2312 Ι
760 2281 781 2312 2
806 2289 837 2312 n.
859 2281 945 2313 1345
971 2282 1066 2323 (app.
1094 2290 1126 2312 n.
1145 2281 1190 2320 9).

315 2338 346 2380 6)
372 2337 472 2371 Caes.
499 2335 580 2370 bell.
607 2336 670 2369 civ.
697 2335 749 2369 ΙΙΙ
778 2338 852 2370 102.
879 2338 910 2369 2.

317 2395 347 2434 7)
371 2392 529 2437 Lapides
554 2392 661 2435 duos,
693 2403 802 2426 unum
827 2391 1065 2426 Mesembriae
1100 2391 1213 2433 (CIGr
1237 2394 1360 2436 2053),
1393 2391 1454 2435 qui
1488 2390 1593 2426 affert
1623 2391 1710 2429 τοὺς

203 2451 542 2496 κατεργαζομένους
572 2451 638 2495 τὴν
670 2449 791 2493 πόλιν,
825 2449 977 2483 alterum
1010 2448 1230 2492 Selymbriae
1263 2448 1530 2492 (Arch.—epigr.
1563 2447 1708 2482 Mitteil.

201 2508 288 2543 VIII
321 2510 422 2552 204),
448 2506 509 2541 nbi
542 2506 710 2541 dicuntur
744 2507 778 2539 oi
813 2508 1066 2545 κατοικοῦντες
1101 2506 1139 2538 ἐν
1175 2503 1397 2551 Σαλυμβρίᾳ,
1434 2516 1497 2540 cur
1533 2505 1579 2540 ad
1614 2506 1709 2540 cives

203 2565 383 2600 Romanos
407 2564 615 2599 referendos
647 2575 724 2599 esse
749 2563 944 2598 Liebenam
977 2567 1076 2605 (rom.
1103 2563 1298 2598 Vereinsw.
1324 2574 1358 2607 p.
1381 2563 1443 2598 157
1453 2575 1461 2607 3
1494 2562 1573 2607 ipse
1604 2563 1710 2597 aliter

201 2633 236 2666 p.
253 2625 313 2666 96)
338 2621 562 2666 iudicaverit,
587 2622 719 2656 nescio.
758 2620 874 2655 Multo
901 2620 994 2655 enim
1011 2619 1153 2655 facilius
1171 2625 1225 2655 est
1244 2630 1305 2655 eos
1330 2619 1376 2654 ad
1400 2619 1543 2655 colonos
1561 2629 1709 2664 graecos

204 2679 371 2725 dirigere,
398 2684 436 2714 ut
461 2680 498 2714 in
523 2689 646 2715 comm.
674 2679 822 2713 alterius
848 2678 943 2713 tituli
970 2678 1156 2713 conicitur.
