1907 2905
740 103 1019 142 *31-

134 228 165 267 si
196 228 249 267 ita
280 236 380 279 sunt,
418 235 574 278 propter
604 226 783 277 exiguum
816 237 1019 264 numerum
1051 227 1192 265 eodem
1222 227 1261 264 in
1294 226 1382 265 vico
1413 226 1626 265 consisten-

135 298 232 335 tium
264 297 466 335 societates
497 295 551 334 ibi
582 294 760 333 conditas
792 306 874 332 esse
907 293 1109 332 verisimile
1130 294 1225 332 mihi
1257 294 1409 332 videtur
1438 307 1517 332 non
1549 294 1626 332 sin-

136 364 235 414 gulis
266 364 306 402 in
336 364 455 411 locis,
497 364 566 401 sed
597 363 696 401 intra
726 363 820 400 fines
849 360 995 412 gentis,
1029 361 1137 400 cuius
1169 363 1223 400 rei
1255 364 1435 412 exempla
1463 363 1502 400 in
1533 364 1627 401 dua-

135 434 207 470 bus
239 432 451 481 provinciis
483 431 697 481 repperisse
726 430 840 468 nobis
873 429 944 467 visi
976 442 1121 477 sumus,
1155 438 1221 468 aut
1252 431 1369 469 totius
1392 431 1625 479 provinciae,

132 507 174 537 ut
204 499 308 538 cives
339 502 543 538 Romanos
570 499 731 537 Raetiae
762 497 1022 536 communiter
1052 505 1210 547 agentes
1242 496 1481 548 videmus¹).
1535 499 1628 535 Huc

135 579 294 617 quoque
335 574 511 617 spectant
551 567 604 605 illi
656 564 836 604 »summi
872 570 1085 603 curatores
1128 563 1273 604 civium
1314 563 1622 604 Romanorum«

133 635 358 684 provinciae
388 635 689 686 Lugudunensis
721 642 837 684 atque
869 634 1103 683 Aquitaniae
1115 631 1161 683 ²),
1194 635 1261 684 qui
1293 635 1518 673 nominibus
1550 634 1628 672 suis

133 710 320 741 testantur
350 704 468 742 etiam
500 705 636 741 harum
667 703 954 753 provinciarum
986 715 1122 740 omnes
1161 703 1265 740 cives
1297 705 1501 741 Romanos
1544 703 1626 739 uni-

134 771 335 809 versitates
377 771 558 811 effecisse.
630 771 708 809 Sed
750 771 798 808 de
838 771 897 808 his
937 778 1085 819 postea.
1157 771 1409 819 Quamquam
1449 783 1496 808 ne
1534 770 1628 808 illud

135 840 295 888 quidem
334 839 576 878 reiciendum
617 846 673 877 est
715 838 832 876 fuisse
877 846 981 876 certa
1026 840 1112 876 loca
1156 846 1293 876 natura
1338 839 1490 887 situque
1533 851 1629 876 mer-

134 907 331 945 catoribus
368 908 559 946 Romanis
599 908 712 945 valde
748 914 969 958 opportuna
1004 906 1242 956 idoneaque,
1284 918 1384 956 quae
1422 907 1506 956 ipsa
1547 907 1629 945 sola

135 975 265 1013 statim
306 976 505 1015 domicilia
543 977 755 1014 multorum
794 975 938 1013 civium
979 986 1193 1024 eorumque
1237 976 1467 1013 societatum
1515 975 1627 1013 sedes

135 1044 239 1081 facta
269 1051 376 1096 sunt,
415 1046 521 1082 velut
556 1040 824 1093 Nauportus3)
857 1050 922 1080 aut
954 1042 1193 1079 Londinium
1206 1039 1256 1091 4),
1298 1042 1369 1080 nisi
1401 1055 1464 1080 me
1495 1042 1627 1081 omnia

136 1111 284 1151 fallunt.

252 1180 330 1217 Sed
362 1179 433 1217 illis
465 1191 623 1229 quoque
652 1180 692 1217 in
723 1179 957 1229 regionibus,
990 1180 1056 1217 ubi
1089 1186 1304 1217 conventus
1332 1192 1400 1229 per
1420 1180 1516 1217 fines
1539 1178 1631 1217 civi-

136 1253 259 1284 tatum
298 1247 567 1297 indigenarum
607 1246 808 1284 constituti
845 1248 1068 1294 exstabant,
1108 1247 1227 1296 paulo
1264 1254 1353 1295 post
1393 1246 1432 1284 in
1473 1245 1632 1296 singulis

136 1314 233 1352 vicis
272 1314 414 1352 civium
458 1316 729 1352 Romanorum
771 1314 982 1352 multitudo
1023 1315 1237 1364 augebatur
1278 1327 1324 1352 eo
1363 1314 1509 1364 magis,
1551 1325 1631 1363 quo

137 1381 297 1419 celerius
328 1381 367 1420 in
398 1381 642 1431 provinciam
678 1380 730 1419 illi
771 1380 1058 1431 immigrabant.
1119 1383 1258 1430 Itaque
1293 1381 1374 1420 fieri
1404 1381 1549 1431 potuit,
1591 1388 1632 1419 ut

136 1448 176 1486 in
206 1448 251 1487 iis
282 1449 397 1495 vicis,
437 1450 478 1486 in
508 1449 650 1498 quibus
687 1449 741 1486 illi
772 1447 974 1498 indigenas
1006 1456 1071 1486 aut
1111 1461 1274 1486 numero
1310 1457 1376 1487 aut
1406 1448 1634 1487 auctoritate

136 1524 253 1566 atque
283 1517 456 1567 potentia
486 1517 704 1567 opibusque
735 1524 979 1566 superarent,
1012 1517 1085 1566 ipsi
1116 1517 1246 1554 vicum
1277 1517 1632 1556 administrandum

137 1585 378 1635 susciperent
408 1597 534 1635 eoque
565 1586 686 1623 modo
717 1597 762 1622 ex
793 1585 1051 1623 conventibus
1084 1585 1228 1622 civium
1258 1587 1529 1623 Romanorum
1560 1585 1631 1622 sin·

136 1653 214 1704 guli
245 1653 321 1692 vici
352 1655 413 1691 vel
454 1653 602 1703 oppida
642 1665 778 1691 eorum
818 1653 1046 1700 existerent,
1089 1665 1191 1702 quae
1231 1653 1350 1692 muris
1391 1654 1634 1692 circumdata

138 1719 279 1770 sunt5).
331 1723 444 1759 Haec
465 1729 594 1759 autem
618 1733 708 1759 curn
730 1721 812 1759 aliis
843 1734 866 1758 a
886 1721 1131 1770 praetoribus
1153 1722 1364 1771 provinciis
1386 1721 1631 1771 praepositis,

138 1797 219 1827 turn
266 1803 289 1827 a
324 1790 492 1828 Caesare
536 1789 670 1827 adiuta
715 1802 799 1828 esse
834 1790 1015 1838 exemplo
1063 1797 1278 1827 conventus
1319 1789 1422 1828 Lissi
1467 1790 1631 1828 demon-

138 1864 289 1897 stratur.
351 1859 481 1906 Atque
511 1857 583 1895 illis
616 1857 869 1896 societatibus
900 1857 937 1896 in
970 1869 1092 1895 unum
1123 1857 1276 1904 vicum,
1311 1869 1427 1906 quem
1459 1857 1532 1907 ipsi
1563 1858 1633 1896 ad-

138 1926 412 1964 ministrabant
443 1924 556 1974 quasi
587 1937 700 1963 suum
723 1925 929 1974 oppidum,
964 1926 1171 1963 contractis
1194 1938 1272 1963 non
1294 1934 1401 1963 erant
1422 1933 1631 1975 curatores,

138 1994 207 2032 sed
239 1995 318 2032 duo
350 1994 521 2044 magistri
552 1993 762 2043 praepositi
794 1994 952 2043 duoque
983 2001 1228 2044 quaestores,
1262 1995 1328 2043 qui
1359 1994 1550 2032 aerarium
1581 1994 1633 2031 vi·

138 2074 326 2100 canorum
358 2063 559 2100 curabant.
612 2063 731 2099 Hanc
752 2061 1053 2099 administrandi
1083 2060 1287 2109 rationem,
1320 2073 1439 2111 quam
1461 2061 1633 2099 mediam

139 2130 376 2169 intercedere
406 2129 503 2168 inter
533 2130 808 2179 municipalem
847 2137 964 2178 atque
1003 2130 1180 2168 vicorum
1221 2130 1332 2167 facile
1371 2129 1630 2179 cognoscitur,

254 2332 279 2376 ¹)
305 2331 380 2366 CIL
403 2331 455 2365 ΙΙΙ
478 2334 567 2366 5212
592 2333 686 2376 (app.
713 2343 745 2365 n.
768 2334 855 2375 116).

253 2389 281 2433 2)
306 2389 469 2423 Boissieu
494 2389 598 2424 inser.
625 2389 667 2423 de
686 2389 785 2433 Lyon
812 2401 843 2434 p.
866 2392 929 2423 160
954 2390 1048 2433 (app.
1075 2400 1107 2423 n.
1129 2392 1216 2432 107).
1266 2388 1412 2432 Allmer,
1436 2386 1561 2420 Musae
1587 2385 1629 2419 de

139 2446 239 2492 Lyon
263 2446 297 2480 II
322 2448 436 2490 (1889)
461 2457 493 2490 p.
511 2449 577 2482 362
603 2457 635 2480 n.
658 2449 721 2481 144
746 2450 781 2481 et
805 2457 838 2490 p.
857 2447 923 2482 367
948 2448 1042 2491 (app.
1068 2457 1101 2480 n.
1123 2449 1209 2490 101).

253 2504 282 2546 3)
307 2503 390 2537 Tac.
417 2513 497 2539 ann.
522 2503 539 2536 I
561 2506 614 2538 20.

253 2561 281 2605 4)
307 2560 390 2595 Tac.
417 2570 497 2595 ann.
523 2561 606 2595 XIV
629 2563 683 2596 33.
709 2564 741 2595 3.

254 2619 282 2663 ⁵)
308 2617 350 2652 cf.
377 2619 478 2654 Caes.
502 2618 582 2652 bell.
608 2618 673 2653 civ.
697 2618 748 2652 III
773 2620 827 2653 29.
857 2621 871 2652 1
901 2622 936 2652 et
961 2617 1036 2652 CIL
1062 2616 1111 2650 III
1142 2616 1239 2650 1820.
1266 2615 1359 2657 (app.
1387 2624 1418 2646 n.
1440 2614 1528 2656 113).
