1928 2884
814 123 1098 163 -43—

205 244 327 283 iectos
358 245 488 295 fuisse,
519 246 626 284 velut
656 257 705 284 ex
735 245 896 284 decreto
926 258 996 294 eo,
1029 246 1138 295 quod
1169 246 1219 285 de
1250 246 1376 294 Chio,
1414 245 1540 285 insula
1569 244 1703 292 libera,

205 326 310 352 anno
341 326 378 351 u.
411 327 445 353 c.
480 315 560 355 689
594 315 741 352 factum
773 322 831 353 est
845 313 889 364 ¹),
926 315 1033 353 idem
1065 314 1241 353 efficitur.
1305 316 1382 354 Sed
1421 316 1521 354 haec
1560 312 1600 351 in
1631 311 1707 351 sin-

204 382 304 433 gulis
335 382 559 421 foederibus
598 394 688 420 cum
727 381 922 421 eiusmodi
961 382 1182 421 civitatibus
1222 383 1309 422 ictis
1349 383 1454 422 varie
1494 380 1706 421 constituta

205 463 288 489 esse
314 451 580 501 putaverimus
591 448 636 498 ²).
690 451 792 489 Illud
817 451 1029 490 tenendum
1061 458 1117 490 est
1139 451 1315 490 civitates
1345 452 1499 499 liberas,
1531 449 1562 488 si
1584 449 1706 488 modo

205 526 378 569 potestas
420 519 512 557 iuris
554 519 716 558 dicendi
755 520 794 557 in
831 519 961 558 litibus
1000 531 1160 569 quoque
1198 520 1336 570 capitis
1374 520 1518 559 civium
1558 521 1705 557 Roma-

205 599 347 626 norum
377 588 483 638 apud
515 600 556 626 se
587 584 849 626 habitantium
881 587 935 626 eis
966 595 1069 635 erat,
1108 589 1349 638 temporibus
1381 596 1534 627 tantum
1563 587 1707 625 liberae

204 655 446 706 reipublicae
492 669 578 694 eam
623 655 816 696 habuisse.
899 657 981 695 Sub
1025 656 1323 706 imperatoribus
1368 656 1491 702 enim,
1538 666 1707 706 quorum

205 730 330 761 aetate
360 724 434 760 hae
465 722 639 760 civitates
676 724 802 761 multo
839 722 971 772 peiore
1008 723 1243 762 condicione
1289 726 1516 772 utebantur,
1554 732 1597 762 ut
1627 729 1708 761 erat

206 790 488 841 imperatorum
529 790 786 840 plurimorum
826 792 1000 830 studium
1038 794 1283 843 exaequandi
1333 795 1457 846 magis
1503 794 1707 845 magisque

206 872 344 898 omnes
381 859 531 910 imperii
569 858 757 910 partes³)‚
800 861 948 898 nullam
987 861 1184 900 civitatem
1224 862 1386 902 liberam
1424 865 1503 902 hoc
1539 864 1600 901 ius
1637 863 1708 901 ob-

205 929 368 967 tinuisse
398 928 471 978 eis‚
512 941 615 978 quae
653 937 856 967 narrantur
898 930 948 967 de
984 930 1181 968 nonnullis
1222 931 1465 981 civitatibus,
1504 933 1705 971 docemur.

206 999 310 1036 Nam
340 997 495 1036 libertas
527 1010 644 1048 saepe
674 999 727 1036 ob
758 1011 844 1036 eam
878 1010 1038 1036 causam
1070 998 1115 1036 iis
1142 1007 1274 1049 erepta
1302 1008 1373 1051 est,
1407 1000 1500 1050 quia
1527 1001 1604 1040 hoc
1625 1001 1707 1038 iure

205 1066 245 1105 in
276 1067 382 1105 cives
410 1068 616 1105 Romanos
648 1067 709 1105 usi
740 1074 840 1113 sunt,
873 1067 978 1106 velut
1009 1068 1082 1105 sub
1103 1068 1263 1106 Tiberio
1291 1068 1460 1118 Cycicus
1490 1068 1707 1107 libertatem

206 1135 347 1183 amisit,
379 1148 459 1173 non
490 1136 613 1174 modo
645 1137 697 1174 ob
729 1135 835 1173 illam
868 1148 961 1182 rem,
995 1147 1114 1185 quam
1147 1147 1264 1186 supra
1286 1136 1467 1184 diximus,
1501 1137 1570 1175 sed
1591 1136 1708 1175 etiam

207 1204 317 1254 quod
356 1204 538 1254 Cyziceni
576 1205 680 1242 cives
719 1206 925 1242 Romanos
963 1203 1003 1241 in
1040 1203 1195 1242 vincula
1233 1202 1543 1255 conieceranffl),
1589 1212 1708 1255 atque

208 1273 375 1312 Rhodus
406 1273 478 1311 sub
510 1273 691 1320 Claudio,
725 1273 816 1322 quia
847 1272 952 1310 cives
983 1272 1158 1310 Romani
1188 1272 1241 1311 ibi
1273 1272 1377 1311 cruci
1408 1272 1514 1311 affixi
1544 1271 1705 1323 erant5).

323 1343 454 1390 Atque
495 1341 611 1380 etiam
652 1341 789 1379 ceteris
829 1341 870 1378 in
908 1341 1023 1378 rebus
1055 1340 1159 1379 cives
1190 1341 1368 1379 Romani
1408 1341 1448 1379 in
1485 1341 1708 1380 civitatibus

208 1409 337 1449 liberis
377 1409 632 1448 consistentes
671 1410 864 1448 florebant
904 1416 1054 1459 praeter
1096 1416 1245 1448 ceteros
1286 1410 1446 1448 incolas.
1519 1411 1623 1448 Nam
1658 1422 1706 1448 ex

206 1479 363 1517 foedere
385 1490 475 1517 cum
498 1478 846 1516 Ambraciensibus
869 1478 948 1516 icto
957 1474 989 1527 ⁶)
1013 1475 1273 1528 intellegimus
1301 1479 1352 1516 de
1373 1477 1570 1517 solvendis
1592 1478 1709 1517 vecti-

205 1547 374 1598 galibus,
416 1559 517 1597 quae
548 1546 641 1585 huic
671 1546 757 1585 urbi
789 1546 934 1585 liberae
965 1546 1004 1584 in
1036 1545 1230 1585 territorio
1262 1559 1333 1585 suo
1365 1547 1517 1598 exigere
1546 1547 1706 1598 placuit,

207 1616 311 1655 cives
342 1618 548 1655 Romanos
589 1616 651 1653 vel
691 1615 821 1665 potius
863 1622 945 1653 tum
987 1628 1124 1654 omnes
1166 1624 1320 1667 togatos
1361 1623 1567 1666 exemptos
1609 1628 1706 1655 esse.

207 1685 357 1724 Similia
386 1699 478 1724 vero
509 1685 548 1723 in
587 1684 771 1723 omnibus
811 1683 1034 1723 foederibus
1074 1684 1266 1724 eiusmodi
1305 1684 1495 1735 imprimis
1533 1696 1624 1723 cum
1663 1684 1708 1724 iis

205 1754 366 1794 urbibus
397 1754 496 1802 ictis,
530 1766 631 1804 quae
661 1753 760 1792 intra
792 1753 942 1803 imperii
974 1754 1069 1791 fines
1102 1753 1198 1792 sitae
1228 1750 1390 1804 erant⁷)‚
1430 1766 1511 1792 non
1541 1752 1709 1792 defuisse

205 1823 386 1862 conicere
417 1823 531 1862 nobis
563 1823 707 1862 licebit.

323 1995 349 2037 ¹)
375 1992 472 2028 CIGr
497 1994 588 2027 2222
614 1996 711 2036 (app.
737 2002 771 2025 n.
792 1993 869 2034 51):
904 1990 969 2024 »οἵ
987 2002 1026 2024 τε
1053 1989 1143 2036 παρ’
1171 1991 1293 2030 αὐτοῖς
1324 1989 1428 2030 ὄντες
1451 1987 1610 2032 Ῥωμαῖοι
1634 1993 1709 2029 τοῖς

206 2049 318 2085 Χείων
345 2050 571 2084 ὑπακούωσιν
600 2049 754 2089 »thamsa«

320 2108 349 2151 2)
373 2108 432 2142 lex
462 2106 621 2141 Antonia
652 2106 695 2141 de
728 2106 975 2141 Termessibus
1007 2106 1156 2150 (Bruns‚
1188 2105 1355 2140 Fontes.⁵
1387 2117 1419 2150 p.
1444 2109 1504 2149 913
1538 2104 1707 2149 Dirksen‚

206 2166 390 2201 Versuehe
416 2177 449 2209 p.
470 2168 550 2208 1583
578 2164 770 2208 Goetssing,
800 2168 839 2199 15
865 2168 951 2198 rom.
978 2163 1065 2198 Urk.
1092 2174 1125 2207 p.
1147 2166 1213 2205 15).

321 2223 350 2265 3)
375 2222 494 2266 Voigt,
518 2222 574 2256 ius
599 2221 762 2255 naturale
788 2220 821 2254 H
850 2232 882 2264 p.
901 2221 1092 2255 769—772.

319 2281 350 2322 4)
375 2278 454 2313 vide
480 2278 587 2322 locos,
614 2288 703 2321 quos
730 2287 840 2321 supra
866 2288 898 2321 p.
917 2280 961 2312 36
987 2277 1066 2311 adn.
1084 2280 1105 2312 5
1130 2276 1326 2311 attulimus.

320 2337 350 2379 5)
375 2335 443 2369 Dio
470 2335 567 2369 Cass.
593 2338 647 2370 60.
673 2337 728 2369 24.
777 2333 819 2368 cf.
844 2333 1043 2368 Mommsen
1069 2333 1118 2368 St.
1144 2333 1186 2368 R.
1212 2334 1264 2367 III
1289 2345 1322 2378 p.
1340 2335 1407 2369 702
1424 2344 1475 2377 sq.

321 2394 351 2436 ⁶)
375 2393 451 2427 Liv.
476 2395 530 2428 38.
557 2395 611 2426 44.
660 2391 702 2426 cf.
730 2391 837 2425 etiam
862 2391 929 2434 leg.
956 2391 1040 2425 Ant.
1066 2391 1109 2425 de
1135 2391 1251 2425 Term.
1278 2391 1343 2425 col.
1361 2390 1396 2425 H
1420 2391 1479 2425 lin.
1498 2393 1553 2426 31.

322 2451 349 2495 7)
374 2449 416 2484 cf.
443 2450 642 2484 Mommsen
669 2449 718 2483 St.
744 2447 785 2482 R.
812 2448 863 2482 HI
887 2459 920 2493 p.
939 2450 1003 2483 691
1023 2458 1074 2491 sq.
