1907 2905
748 109 1023 147 —75—

251 232 353 270 Illud
393 242 550 281 quoque
587 230 873 281 respiciendum
912 239 988 277 est,
1031 233 1138 281 quod
1176 246 1279 271 nova
1319 235 1473 273 colonia
1513 234 1628 273 etiam

137 300 297 338 nomine
346 298 523 338 coloniae
568 297 888 337 Aventicensium
941 299 1217 349 significatur1)
1273 314 1398 350 neque
1442 314 1630 352 umquam

138 367 269 406 coloni
309 366 499 414 Helvetii,
546 367 615 405 sed
661 367 787 405 solum
829 366 960 404 coloni
997 367 1275 407 Aventicenses
1322 382 1631 408 commemoran-

137 442 214 482 tur,
255 434 395 484 quibus
425 435 641 483 praefectos
672 433 789 472 fuisse
825 438 1063 472 »curatores
1096 432 1355 474 colonorum«
1389 436 1512 475 tribus
1548 437 1632 475 titu-

137 499 225 552 lis²)
271 504 407 540 allatos
452 515 604 540 censeo.
681 503 816 549 Adde,
860 502 968 552 quod
1014 502 1053 541 in
1094 502 1159 541 illo
1200 503 1430 554 longissimo
1475 504 1632 542 nomine

138 571 315 610 coloniae
345 583 484 609 vocem
521 568 737 609 »emerita«
781 569 1019 620 invenimus3
1057 571 1162 609 unde
1200 583 1331 609 nonne
1371 570 1411 609 in
1450 579 1632 621 promptu

137 647 193 678 est
222 653 245 678 a
274 639 518 689 Vespasiano
554 638 789 689 imperatore
820 646 1022 677 veteranos
1055 639 1246 678 deductos
1285 652 1368 678 esse
1399 639 1631 678 Aventicum

137 719 283 758 eosque
314 708 476 746 colonos
508 704 657 753 diei³)?
717 709 861 746 Utrum
903 714 1033 745 autem
1074 720 1209 746 eorum
1252 715 1449 746 curatores
1487 707 1557 745 viri
1594 706 1634 745 in

137 776 294 814 colonia
325 774 598 813 constituenda
629 774 808 825 agrisque
839 775 1092 825 adsignandis
1124 775 1307 826 occupati
1338 775 1430 822 sint,
1471 788 1520 813 an
1551 787 1634 812 ma-

136 844 316 895 gistratus
347 843 372 881 ii
403 842 563 889 fuerint,
604 844 677 881 sub
714 844 856 893 quibus
895 843 1022 893 primo
1062 843 1160 882 inter
1200 843 1368 882 civitatis
1406 844 1634 881 Helveticae

135 912 284 950 incolas
325 911 604 950 Aventicenses
646 911 816 950 veterani
862 911 1125 952 constiterint,
1174 911 1380 950 diiudicari
1422 924 1503 949 non
1548 918 1634 961 pot-

137 988 206 1019 est.
259 979 298 1019 Si
329 987 460 1018 autem
491 980 666 1026 alterum,
701 980 811 1029 quod
833 979 927 1018 mihi
959 979 1277 1018 verisimillimum
1310 976 1527 1027 videtur4),
1571 991 1635 1016 ve-

137 1061 222 1087 rum
253 1054 322 1096 est,
353 1048 458 1085 hunc
489 1054 629 1085 statum
665 1047 803 1097 oppidi
830 1060 910 1085 non
933 1047 999 1085 diu
1021 1047 1281 1098 permansisse
1312 1054 1470 1086 testatur
1491 1058 1634 1084 nomen

142 1112 348 1155 »coloniae
370 1111 698 1162 Helvetiorum«,
732 1115 841 1164 quod
864 1114 1060 1153 Aventico
1091 1115 1226 1153 datum
1256 1127 1339 1153 esse
1360 1114 1510 1164 opinor,
1545 1126 1634 1152 cum

144 1185 350 1235 indigenae
379 1183 434 1222 ibi
471 1183 693 1221 habitantes
733 1183 905 1232 novique
944 1183 1075 1221 coloni
1116 1182 1153 1220 in
1195 1194 1313 1220 unam
1351 1182 1633 1232 rempublicam

140 1251 386 1291 coaluissent.
447 1252 586 1300 Neque
617 1263 709 1288 vero
740 1263 786 1289 ex
819 1251 896 1288 hoc
925 1250 1085 1288 nomine
1127 1251 1210 1289 solo
1251 1250 1384 1288 nescio
1423 1263 1473 1288 an
1512 1257 1633 1288 totam

139 1320 359 1359 Helvetiam
392 1320 542 1358 colonis
563 1318 801 1357 Aventicum
835 1318 1012 1357 deductis
1045 1318 1124 1356 iure
1145 1319 1405 1367 adaequatam
1438 1331 1523 1356 esse
1545 1331 1634 1356 con-

139 1389 295 1427 cludere
332 1387 465 1427 liceat:
508 1387 631 1426 immo
671 1400 719 1426 ex
760 1387 833 1425 illis
870 1387 1080 1438 peregrinis
1119 1386 1365 1434 nominibus,
1412 1399 1512 1436 quae
1553 1387 1632 1424 duo

137 1457 308 1495 Helvetii
350 1456 389 1494 in
428 1456 584 1494 duobus
624 1454 788 1506 titulis5)
829 1456 1072 1506 Mogontiaci
1116 1457 1276 1506 repertis
1318 1457 1487 1502 habent,
1539 1454 1632 1492 mihi

138 1531 299 1574 apparet
331 1525 455 1562 solum
490 1525 727 1562 Aventicum
760 1524 955 1562 coloniam
980 1525 1251 1562 Helvetiorum
1283 1525 1430 1561 factum
1463 1536 1545 1562 esse
1575 1523 1631 1561 vi-

137 1604 283 1642 cosque
313 1591 502 1643 peregrini
541 1591 632 1630 iuris
671 1593 742 1630 sub
781 1592 859 1630 suis
900 1594 1125 1630 vicanorum
1168 1592 1411 1630 curatoribus
1453 1591 1632 1630 coloniae

138 1660 341 1699 attributos
372 1657 512 1710 essess).
567 1662 699 1709 Atque
730 1661 770 1699 in
801 1661 859 1699 his
890 1660 1099 1711 peregrinis
1128 1660 1300 1711 partibus
1324 1660 1527 1699 Helvetiae
1548 1672 1631 1709 per-

137 1729 297 1767 durasse
326 1736 541 1767 conventus
573 1742 605 1767 c.
630 1732 677 1767 R.
702 1729 796 1767 mihi
819 1729 982 1779 videtur,
1014 1729 1221 1779 praecipue
1250 1728 1289 1767 in
1320 1728 1365 1766 iis
1396 1728 1630 1778 regionibus,

255 1887 281 1927 ¹)
305 1885 414 1919 Inscr.
441 1885 541 1919 Helv.
570 1887 643 1919 149.

251 1942 279 1984 2)
303 1942 412 1977 Inser.
440 1942 538 1976 Helv.
568 1944 641 1975 154.
670 1944 743 1975 155.
774 1943 845 1975 156.

249 2000 277 2038 3)
303 1998 418 2033 Morel
444 1998 464 2031 l.
491 1998 512 2032 1.
539 2010 571 2042 p.
590 2002 643 2033 21.

252 2057 281 2095 4)
307 2056 386 2090 Duo
418 2060 600 2090 curatores
633 2057 666 2090 in
700 2066 830 2090 annum
864 2066 971 2089 unum
1004 2056 1107 2089 electi
1141 2061 1331 2089 occurrunt
1362 2055 1396 2088 in
1429 2054 1531 2089 titulo
1564 2054 1583 2087 l.
1611 2054 1631 2087 l.

140 2123 172 2146 n.
195 2115 267 2148 155.
318 2112 447 2147 Omnes
473 2118 592 2147 autem
619 2113 725 2156 tituli,
752 2112 812 2155 qui
840 2112 908 2146 huc
934 2117 1108 2156 spectant,
1134 2122 1155 2146 a
1180 2111 1403 2146 curatoribus
1430 2111 1631 2145 colonorum

140 2169 247 2213 positi
274 2174 354 2204 sunt
379 2169 469 2204 deae
491 2169 677 2213 Aventiae‚
705 2180 795 2203 unus
823 2168 925 2203 simul
952 2168 1055 2211 genio
1080 2169 1275 2203 incolarum
1302 2167 1632 2212 (Aventicensium),

140 2226 276 2260 scilicet
300 2231 340 2261 ut
364 2226 477 2260 coloni
504 2231 672 2270 patronos
698 2227 777 2259 novi
804 2225 972 2259 domicilii
1000 2226 1065 2260 sibi
1093 2226 1265 2270 propitios
1292 2225 1489 2260 redderent.

256 2284 286 2326 ⁵)
310 2283 509 2317 Brambach
535 2283 637 2317 CIRh
668 2284 769 2329 12273
794 2286 870 2318 890.

253 2340 280 2383 6)
306 2339 414 2374 Inscr.
448 2340 548 2374 Helv.
589 2343 652 2374 142
690 2340 815 2374 (luovir
852 2340 1010 2374 coloniae
1049 2340 1291 2375 Helvetiorum
1329 2344 1630 2375 οοηιηιοιιιοιίιῐιιι·,

145 2407 268 2441 »quem
294 2396 386 2430 ordo
407 2402 612 2441 patronum
641 2398 798 2431 civitatis
815 2398 1030 2442 cooptavit«.
1070 2397 1203 2431 Civitas
1221 2402 1275 2431 est.
1293 2395 1504 2439 significatio
1523 2393 1630 2427 totius

140 2453 336 2497 Helvetiae,
362 2464 467 2497 quam
494 2454 536 2488 ob
561 2464 634 2488 rem
660 2460 811 2498 apparet
838 2454 960 2489 eodem
986 2454 1089 2488 titulo
1115 2454 1209 2487 hunc
1228 2453 1340 2486 virum
1365 2452 1469 2485 etiam
1489 2451 1630 2484 vicanos

142 2509 442 2544 Eburodunenses
474 2510 668 2546 honorasse
701 2511 923 2545 dedicationi·
962 2512 1099 2545 »amico
1133 2516 1163 2542 et
1192 2515 1386 2554 patrono«.
1441 2506 1557 2539 Aliter
1587 2504 1629 2537 «le

141 2567 200 2600 his
226 2566 363 2600 duobus
388 2566 548 2601 formulis
574 2567 732 2602 coloniae
757 2567 857 2601 Helv.
886 2573 920 2600 ot,
945 2567 1099 2601 civitatis
1126 2566 1160 2599 in
1187 2565 1306 2599 eodem
1334 2563 1435 2597 titulo
1461 2560 1629 2595 adhibitis

141 2622 335 2658 Mommsen
364 2623 495 2667 (Herm.
523 2624 603 2657 XV]
632 2635 664 2668 p.
683 2628 749 2659 456
775 2624 853 2658 adn.
877 2628 907 2668 1)
933 2623 1112 2657 iudicavit.
