1907 2905
164 274 324 314 catoreS,
355 266 466 316 lixae,
497 265 665 304 veterani
696 266 747 303 ad
778 272 905 304 castra
935 266 1187 305 consistentes
1220 269 1514 320 venerabantur,
1547 271 1651 307 velut

164 335 298 374 titulos
319 335 467 384 positos
487 346 570 372 esse
590 335 783 372 Mercurio
796 332 837 383 ¹),
861 333 988 372 Genio
1010 335 1236 372 commercii
1257 343 1293 373 et
1314 337 1595 386 negotiantium
1604 334 1651 386 ²),

165 404 214 442 de
243 415 322 453 quo
353 402 430 440 iam
461 402 610 441 dictum
643 409 710 448 est,
743 399 982 451 Volcano3),
1015 402 1099 440 Iovi
1129 410 1246 452 atque
1275 404 1415 442 Iunoni
1427 403 1478 453 4),
1511 406 1652 443 Libero

164 469 458 521 Liberaeque-⁵),
490 470 609 509 Matri
640 472 768 508 Deum
800 483 965 520 magnae
977 468 1023 520 ⁶),
1056 472 1163 509 Deae
1193 469 1382 521 Lunae⁷),
1415 474 1501 510 Deo
1522 475 1652 523 Vago-

165 541 370 591 donnaego
382 537 427 590 ³),
461 539 588 578 Genio
619 539 897 577 canabensium
909 536 955 589 9),
988 540 1116 577 Genio
1137 539 1214 577 vici
1229 538 1275 589 ¹⁰)
1307 548 1425 589 atque
1446 542 1653 580 Lambaesi

164 610 355 658 permulta
395 606 596 657 templa¹¹)
636 615 832 646 exstructa
869 620 952 645 esse
987 607 1230 657 accepimus,
1269 608 1476 657 praecipue
1506 610 1653 646 Aescu-

164 676 267 726 lapio
307 684 424 725 atque
461 672 661 724 Saluum),
701 687 868 724 quorum
910 676 1025 713 aedes
1063 675 1102 713 in
1141 688 1286 714 nomen
1326 676 1451 726 Iovis,
1496 676 1652 725 Silvani,

165 746 423 794 complurium
452 745 613 783 deorum
635 753 770 795 postea
791 752 905 783 aucta
925 753 994 794 est‚
1027 746 1223 794 Neptuno,
1256 744 1349 783 Isidi
1370 753 1486 794 atque
1509 746 1654 794 Serapi,

164 826 250 851 aras
281 815 474 852 Fortunae
496 815 706 863 Augustae,
738 813 823 851 Iovi
851 812 1082 857 Dolicheno,
1114 812 1232 850 Marti
1264 820 1300 850 et
1323 812 1522 850 Minervae
1552 812 1655 850 aliis-

168 893 255 931 que.
318 884 449 930 Atque
478 882 554 920 hoc
586 882 749 931 quidem
780 881 818 918 in
849 880 938 918 vico
969 880 1138 918 sacraria
1169 881 1301 917 omnia
1338 882 1416 918 fere
1444 893 1467 918 a
1503 880 1654 930 legione

167 949 373 988 aedificata
402 962 486 988 esse
517 949 785 1000 cognovimus,
819 960 896 997 qua
926 961 973 986 ex
1004 961 1044 986 re
1075 948 1240 986 varietas
1263 948 1426 986 deorum
1460 950 1652 987 cultorum

164 1017 242 1056 iam
280 1018 372 1056 satis
402 1019 640 1068 explanatur.
711 1018 814 1055 Nam
860 1016 998 1054 milites
1042 1015 1222 1066 legionis,
1270 1016 1336 1065 qui
1381 1017 1561 1055 omnibus
1607 1030 1653 1055 ex

166 1085 386 1136 regionibus
432 1087 692 1136 omnibusque
738 1099 860 1136 prope
902 1099 949 1124 ex
994 1085 1173 1136 gentibus
1219 1085 1371 1135 imperii
1416 1086 1567 1124 oriundi
1613 1086 1652 1123 in

166 1153 298 1192 castris
329 1154 521 1204 stipendia
551 1154 757 1200 faciebant,
791 1154 886 1192 deos
917 1165 1007 1191 suos
1038 1166 1059 1191 e
1090 1152 1216 1202 patria
1246 1152 1467 1194 intulerunt.
1520 1154 1649 1203 Adde,

165 1222 273 1270 quod
303 1222 448 1272 negotii
476 1229 650 1272 gerentes
670 1221 845 1270 undique
873 1221 1151 1268 confluxerunt,
1185 1227 1262 1270 aut,
1296 1222 1398 1259 velut
1427 1221 1466 1259 in
1488 1222 1653 1260 Daciam

166 1303 213 1327 ex
244 1297 326 1328 toto
357 1290 521 1340 imperio
552 1291 603 1328 ad
633 1303 747 1340 agros
779 1291 967 1328 colendos
999 1291 1164 1338 locaque
1193 1302 1258 1335 ca,
1297 1302 1344 1327 ex
1382 1290 1523 1339 quibus
1555 1290 1654 1328 indi-

166 1371 288 1409 genae
319 1366 426 1397 erant
455 1359 621 1409 expulsi,
659 1359 876 1397 habitanda
913 1359 963 1397 ab
1001 1357 1298 1407 imperatoribus
1340 1358 1651 1397 deducebantur.

167 1428 213 1464 In
242 1426 337 1465 vicis
367 1426 481 1476 igitur
511 1426 724 1473 eiusmodi,
763 1427 831 1464 ubi
862 1427 1039 1464 homines
1081 1425 1429 1464 diversissimarum
1470 1433 1654 1464 terrarum

169 1495 396 1533 communia
437 1495 638 1533 domicilia
679 1496 946 1542 collocabant,
990 1496 1153 1533 deorum
1194 1496 1319 1533 cultus
1360 1495 1472 1533 valde
1514 1494 1656 1532 mixtos

168 1563 296 1610 fuisse,
330 1563 392 1601 cui
424 1562 563 1601 mirum
596 1562 717 1601 videri
748 1563 904 1613 potest?

283 1757 309 1799 ι)
334 1753 570 1798 Mogontiaci:
603 1753 707 1788 CIRh
732 1755 798 1787 956
830 1754 924 1796 (app.
956 1763 988 1785 n.
1010 1755 1102 1797 119);
1135 1751 1360 1795 Brigetione:
1394 1751 1468 1785 CIL
1494 1751 1543 1784 III
1568 1753 1657 1785 4298

168 1815 261 1856 (app.
290 1823 322 1846 n.
343 1814 429 1855 125).

280 1869 308 1912 2)
336 1868 556 1912 Brigetione:
585 1868 660 1902 CIL
685 1867 735 1901 ΠΙ
761 1870 859 1902 4288.

282 1927 310 1970 3)
335 1926 506 1970 Aquinci:
534 1925 579 1960 ib.
605 1928 694 1960 3505
719 1927 813 1969 (app.
839 1936 871 1958 n.
893 1927 980 1968 128).

280 1984 309 2027 4)
333 1982 538 2018 Durostori:
565 1983 610 2017 ib.
630 1982 752 2026 Suppl.
771 1983 861 2017 7474
877 1984 970 2026 (app.
997 1992 1029 2015 n.
1052 1984 1143 2024 131);
1170 1981 1347 2016 Troesmi:
1375 1981 1420 2014 ib.
1439 1983 1538 2015 6166.
1557 1982 1655 2014 6162.

168 2043 256 2076 6167
282 2043 376 2085 (app.
403 2051 435 2075 n.
457 2042 655 2083 132—134).

281 2099 308 2141 5)
333 2097 461 2141 Apuli:
488 2097 533 2131 ib.
562 2099 647 2132 1093
672 2099 766 2141 (app.
793 2107 824 2130 n.
846 2099 930 2139 144).

280 2155 308 2198 6)
332 2153 378 2188 ib.
407 2157 494 2189 1100
519 2156 614 2198 (app.
639 2164 672 2187 n.
693 2156 779 2197 141).

280 2211 307 2255 Ἰ)
332 2210 568 2255 Mogontiaci:
595 2210 697 2245 CIRh
725 2213 812 2245 1130
837 2213 930 2254 (app.
957 2221 990 2243 n.
1012 2212 1098 2253 121).

280 2268 308 2311 ⁸)
334 2268 538 2303 Asturicae:
566 2267 641 2302 CIL
665 2267 699 2301 II
723 2269 813 2302 2636
838 2268 932 2311 (app.
958 2277 990 2300 n.
1011 2268 1097 2309 148).

280 2326 308 2369 9)
334 2325 580 2369 Argentorati:
607 2324 709 2360 CIRh
729 2327 812 2360 1891
839 2327 933 2368 (app.
959 2335 990 2358 n.
1013 2326 1108 2368 122);
1135 2323 1261 2368 Apuli:
1289 2323 1364 2357 CIL
1383 2322 1432 2356 III
1454 2324 1537 2356 1008
1561 2324 1654 2364 (app.

168 2393 201 2416 n.
230 2385 315 2426 140).

268 2440 310 2483 ¹⁰)
334 2439 540 2474 Lambaesi:
578 2440 652 2474 CIL
684 2439 768 2474 VIII
798 2441 888 2474 2604
923 2441 1017 2484 (app.
1051 2450 1083 2472 n.
1113 2441 1206 2482 149);
1246 2440 1334 2472 2605
1371 2439 1465 2480 (app.
1499 2447 1530 2469 n.
1563 2438 1654 2479 150);

172 2496 418 2531 Verecundae:
444 2496 490 2531 ib.
514 2499 604 2532 4194
629 2499 723 2541 (app.
749 2508 781 2531 n.
804 2499 889 2540 158).

283 2555 325 2596 ¹¹)
350 2553 428 2588 vide
455 2553 728 2589 Wilmannsium
753 2554 787 2588 in
813 2564 935 2588 comm.
961 2554 996 2587 in
1023 2553 1102 2588 hon.
1129 2552 1287 2585 Momms.
1314 2561 1345 2593 p.
1368 2550 1553 2583 194—197.

285 2610 327 2654 ¹²³)
352 2610 589 2654 Aesculapius
621 2616 656 2645 et
688 2611 806 2655 Hygia
837 2610 947 2655 Apuli
980 2619 1120 2653 quoque
1159 2617 1242 2650 prae
1281 2605 1409 2640 ceteris
1448 2604 1655 2638 colebantur

169 2666 256 2713 (CIL
282 2666 334 2700 ΙΙΙ
358 2667 433 2702 972.
460 2668 649 2702 974—982.
675 2670 864 2702 984—986.
890 2668 965 2702 987.
991 2669 1081 2711 993).
