1928 2884
857 111 1132 150 ,76-

241 247 343 286 quae
374 236 426 273 ad
449 235 653 273 meridiem
676 242 867 285 spectant,
901 234 1004 274 circa
1035 236 1168 273 lacum
1190 236 1439 274 Lemannum
1462 234 1556 275 sitis.
1608 237 1746 286 Neque

240 303 343 342 enim
376 305 483 342 casui
516 303 586 342 soli
619 303 871 342 tribuendum
905 303 987 350 erit,
1021 303 1131 353 quod
1162 310 1238 341 tres
1269 303 1380 350 tituli,
1412 303 1451 341 in
1473 304 1616 352 quibus
1649 316 1744 342 con-

239 380 378 411 ventus
411 380 756 420 commemoratur,
789 371 826 410 in
859 372 924 410 illa
953 371 1114 422 regione
1144 371 1283 422 reperti
1323 379 1411 410 sunt
1443 379 1560 420 atque
1591 379 1747 410 curato-

240 453 324 478 rum
358 441 437 480 duo
469 441 583 480 simul
614 441 718 480 cives
749 439 930 479 coloniae
957 439 1159 489 Equestris
1181 440 1412 478 Novioduni
1446 462 1496 467 —
1530 451 1630 478 unus
1651 440 1747 478 duo=

241 509 300 547 vir
329 509 443 548 huius
476 510 668 557 coloniae,
700 511 796 548 alter
826 517 981 547 curator
1011 510 1241 547 vicanorum
1276 507 1661 559 Lousonnensium¹)
1695 530 1744 536 -

241 577 375 617 tertius
406 578 503 617 civis
534 578 768 616 Viennensis
800 584 917 615 erant.

358 647 434 685 Sed
466 646 693 696 priusquam
723 658 744 684 e
776 645 907 684 Gallia
937 646 1172 696 egredimur,
1205 645 1371 684 breviter
1401 645 1556 683 animos
1588 657 1749 683 conver-

243 722 370 753 tamus
402 715 452 752 ad
484 715 594 753 illum
627 716 781 753 titulum
815 714 1067 765 Brigantione
1099 715 1138 753 in
1171 714 1338 764 Alpibus
1371 713 1515 753 Cottiis
1553 721 1748 764 repertum

241 791 361 833 atque
390 784 430 821 in
464 782 603 822 codice
634 782 813 821 Peirescii
846 790 1040 822 servatum
1052 780 1099 830 ²),
1132 795 1249 832 quem
1282 782 1322 820 in
1352 782 1579 821 testimonia
1610 783 1651 821 in
1682 796 1750 833 ap-

241 851 410 901 pendice
440 852 605 890 collecta
635 849 866 900 recepimus,
899 850 1079 900 quamvis
1107 852 1314 900 explanare
1340 862 1429 889 eum
1453 850 1565 900 quasi
1588 862 1747 888 crucem

242 919 493 971 interpretum
527 933 606 958 non
637 918 834 969 possimus
898 921 1003 957 Nam
1035 919 1066 957 si
1095 927 1200 958 recte
1222 918 1472 958 Constantini
1504 917 1750 968 imperatoris

243 1001 389 1027 nomen
421 990 633 1039 suppletur,
666 987 783 1026 etiam
822 987 935 1026 huius
978 995 1105 1027 aetate
1142 989 1181 1025 in
1223 988 1357 1026 abdita
1398 986 1555 1037 regione
1597 987 1750 1037 imperii

244 1066 484 1096 conventum
516 1056 631 1095 statui
661 1068 822 1094 necesse
853 1064 920 1094 est.
987 1056 1065 1094 Sed
1098 1062 1187 1105 post
1224 1055 1545 1093 constitutionem
1576 1067 1600 1092 a
1632 1055 1751 1094 Cara-

245 1129 344 1165 calla
375 1127 507 1165 datam
540 1128 667 1164 nullos
700 1133 917 1165 conventus
939 1124 1056 1163 fuisse
1078 1124 1209 1163 statim
1231 1122 1531 1173 explicabimus,
1583 1123 1750 1162 Hirsch-

245 1196 343 1244 feld,
376 1208 493 1246 quem
533 1196 735 1243 consului,
778 1195 984 1244 quomodo
1021 1195 1124 1232 hanc
1163 1193 1472 1231 controversiam
1513 1191 1598 1230 tolli
1636 1205 1752 1242 posse

246 1266 438 1315 opinetur,
471 1264 749 1315 benignissime
780 1276 935 1303 mecum
969 1261 1277 1302 communicavit
1309 1262 1383 1300 sibi
1410 1261 1490 1299 fieri
1510 1274 1626 1310 posse
1647 1273 1752 1299 nunc

245 1334 383 1373 videri,
413 1341 454 1372 ut
475 1335 540 1374 lin.
568 1336 585 1373 1
612 1334 873 1384 supplendum
898 1334 945 1370 sit
973 1330 1096 1384 »imp
1120 1343 1226 1369 caes.
1259 1327 1533 1382 Vespasia]ni
1555 1329 1633 1380 (vel
1654 1331 1751 1368 alius

245 1403 488 1454 imperatoris
519 1415 662 1441 nomen
694 1402 731 1440 in
767 1424 816 1429 —
851 1413 923 1440 nus
966 1399 1116 1445 exiens)
1153 1397 1307 1446 Auffi«,
1346 1412 1447 1448 quae
1485 1400 1604 1437 verba
1642 1409 1753 1437 secu-

246 1480 328 1510 tum
362 1472 410 1511 sit
442 1473 605 1511 fortasse
640 1469 942 1520 »constanjter«
991 1471 1050 1508 vel
1093 1468 1242 1518 aliquid
1281 1466 1498 1514 eiusmodi,
1541 1468 1611 1505 etsi
1653 1466 1750 1506 diffi-

247 1542 431 1579 cultatem
465 1541 623 1589 habeat,
657 1540 764 1589 quod
807 1538 1034 1577 constitutio
1071 1538 1122 1575 ad
1161 1536 1406 1586 provinciam
1440 1534 1598 1585 Alpium
1642 1535 1753 1574 mari-

248 1610 431 1648 timarum
464 1617 642 1660 spectare
672 1609 873 1660 videatur,
918 1607 979 1645 cui
1012 1606 1212 1656 Brigantio
1244 1618 1266 1643 a
1305 1604 1553 1643 Diocletiano
1593 1605 1752 1642 demum

247 1678 430 1717 attributa
463 1678 511 1716 sit
544 1679 651 1727 (CIL
674 1679 711 1714 V
743 1689 780 1726 p.
805 1677 887 1716 810
919 1683 956 1714 et
979 1676 1057 1713 XII
1089 1687 1125 1724 p.
1150 1672 1279 1722 XIII).

363 1749 625 1785 Transeamus
656 1745 695 1783 in
727 1743 1017 1794 Illyricum,
1059 1742 1126 1781 ubi
1167 1742 1245 1780 iam
1285 1753 1391 1779 anno
1421 1739 1609 1790 574s180
1650 1739 1754 1778 cives

249 1819 456 1856 Romanos
489 1815 699 1864 sociosque
729 1812 901 1852 nominis
938 1812 1046 1849 latini
1079 1810 1299 1849 constitisse
1340 1807 1754 1848 commemoravimus.

251 1887 293 1923 In
326 1886 430 1924 bello
462 1883 566 1922 civili
599 1883 695 1920 inter
727 1883 936 1921 Caesarem
976 1889 1093 1930 atque
1124 1878 1356 1929 Pompeium
1399 1884 1616 1916 conventus
1648 1877 1754 1915 Salo·

251 1955 310 1992 nis
323 1951 354 1999 ³)
391 1960 507 2003 atque
540 1948 683 2000 Lissi4)
717 1951 864 1989 fortiter
894 1949 993 1987 illius
1025 1948 1198 1998 partibus
1238 1949 1412 1985 faventes
1452 1953 1590 1984 contra
1620 1946 1756 1984 adver-

250 2021 371 2060 sarios
403 2021 514 2059 vicos
546 2032 637 2058 suos
667 2020 910 2058 muniebant.
961 2017 1084 2056 Simili
1116 2017 1239 2054 modo
1271 2017 1432 2054 Narona
1464 2023 1667 2063 tamquam
1700 2013 1751 2052 vi-

252 2103 319 2128 cus
350 2090 494 2128 civium
527 2091 799 2127 Romanorum
832 2087 871 2125 in
908 2087 1028 2124 titulis
1060 2083 1284 2132 occurritb).
1348 2085 1511 2132 Quanto
1553 2095 1645 2120 vero
1685 2094 1755 2120 nu-

251 2171 363 2198 mero
394 2159 657 2210 negotiatores
690 2170 737 2195 ac
769 2164 1004 2195 mercatores
1035 2156 1138 2193 hanc
1169 2162 1311 2192 terram
1350 2150 1630 2201 occupaverint
1659 2158 1755 2189 tem-

252 2228 414 2279 poribus
448 2228 593 2266 liberae
624 2226 879 2276 reipublicae,
914 2238 961 2263 ex
993 2222 1123 2262 multis
1165 2222 1361 2272 lapidibus
1403 2219 1483 2258 eius
1524 2220 1661 2258 aetatis
1701 2219 1754 2258 ibi

371 2363 397 2406 l)
422 2361 514 2395 Nam
539 2361 634 2394 hunc
660 2369 801 2403 quoque
828 2359 939 2393 civem
965 2356 1167 2392 Novioduni
1194 2366 1271 2390 esse
1297 2365 1339 2388 ex
1366 2353 1460 2387 tribu
1488 2352 1653 2387 Cornelia
1677 2352 1754 2387 eius

255 2419 494 2464 cognoscitur„
540 2417 582 2451 cf.
610 2417 730 2451 Herm.
756 2416 839 2450 XVI
865 2427 898 2460 p.
917 2416 984 2450 478
1010 2414 1089 2448 adn.
1112 2417 1139 2448 1.

369 2476 397 2519 2)
423 2475 498 2510 CIL
524 2475 593 2509 XII
617 2478 662 2509 94
687 2475 779 2518 (app.
806 2484 838 2506 n.
860 2474 947 2515 100).

369 2535 398 2574 3)
425 2534 526 2567 Caes.
551 2531 632 2566 bell.
659 2532 723 2566 civ.
750 2530 802 2564 ΠΙ
826 2533 864 2573 9;
890 2528 999 2562 Hirtii
1025 2528 1105 2562 bell.
1133 2527 1235 2561 Alex.
1261 2529 1315 2561 43.
1341 2529 1372 2560 2.

369 2592 398 2633 4)
420 2589 520 2623 Caes.
547 2587 626 2621 bell.
653 2587 719 2621 ciV.
744 2586 797 2620 111
822 2588 883 2627 293
909 2587 964 2619 40.

371 2649 400 2689 5)
427 2646 503 2681 CIL
527 2645 577 2679 ΠΙ
606 2648 694 2680 1820
719 2647 812 2688 (app.
839 2653 872 2677 n.
894 2645 980 2687 113).
