1907 2905
249 229 346 280 illa,
388 245 492 285 quae
527 230 725 284 forsitan
766 246 816 270 ne
856 231 1083 271 sentiamus
1123 232 1309 287 quidem,
1353 233 1533 280 mdices,
1576 242 1733 289 quanta

244 297 369 338 sunt!
398 302 506 353 quod
532 297 676 339 multis
709 298 1052 353 locupletioribus
1075 300 1231 340 civibus
1253 302 1419 348 utimur,
1453 301 1563 356 quod
1583 302 1734 342 habent

236 366 546 421 propinquam,
575 365 748 418 fidelem
780 365 1131 421 fructuosamque
1165 369 1444 422 provinciam,
1486 385 1563 424 quo
1596 370 1733 424 facile

245 442 492 485 excurrant,
534 433 607 474 ubi
653 433 826 474 libenter
870 434 1076 488 neyotium
1111 444 1277 488 ρει-ωας
1325 451 1425 490 quos
1463 437 1539 477 illa
1570 438 1733 490 partim

242 500 449 541 mercibus
481 500 806 556 suppeditandis
840 517 927 541 cum
968 511 1145 556 quaestu
1185 503 1503 559 compendioque
1545 503 1733 554 dimittit,

238 571 401 626 partim
433 570 600 619 retinet,
640 576 685 609 ut
715 584 858 618 arare,
895 578 937 609 nt
964 585 1155 624 pascere,
1193 578 1240 611 ut
1270 572 1479 626 neg-'otiari
1511 571 1650 622 libeat,
1689 579 1734 612 ut

244 638 420 693 denique
451 637 569 679 sedes
601 653 650 678 ac
681 636 933 678 domicilium
965 637 1188 679 collocare«
1206 639 1248 690 ¹).

359 711 498 758 Itaque
537 708 609 746 illis
647 707 895 758 potissimum
937 708 1195 758 temporibus,
1242 721 1331 747 cum
1377 712 1480 748 nulla
1526 710 1735 761 municipia

246 783 313 814 aut
347 776 524 815 coloniae
555 776 697 814 civium
730 778 1000 814 Romanorum
1032 776 1069 813 in
1107 776 1233 813 insula
1268 777 1495 819 exstabant,
1533 779 1733 818 societates

248 843 391 882 civium
414 845 527 882 latius
548 844 719 894 patuisse
740 857 806 894 per
827 852 950 882 totam
974 844 1229 894 provinciam,
1262 845 1411 883 etiamsi
1431 847 1534 883 nulla
1555 850 1735 898 exempla

241 925 381 951 eorum
413 913 527 951 nobis
559 912 714 963 cognita
751 920 896 957 essent,
939 920 1067 950 tamen
1106 920 1240 951 nostro
1281 913 1362 951 iure
1402 913 1582 952 conicere
1622 915 1733 958 nobis

242 981 384 1019 liceret,
440 983 693 1031 Quamquam
715 995 764 1019 ne
794 981 1017 1019 testimonia
1038 981 1200 1030 quidem
1223 981 1374 1019 desunt.
1429 983 1531 1019 Nam
1562 981 1602 1019 in
1623 983 1733 1021 titulo

240 1051 416 1099 quodam
453 1046 664 1098 »Italici«,
697 1049 763 1098 qui
796 1051 990 1092 Halaesae
1021 1049 1297 1094 consistebant,
1331 1051 1375 1087 L.
1401 1050 1625 1088 Cornelium
1651 1052 1734 1089 Sci-

241 1117 396 1167 pionem
428 1115 677 1167 honorant2),
714 1131 762 1156 ex
793 1118 966 1156 Verrinis
998 1119 1188 1156 docemur
1219 1119 1268 1156 de
1298 1118 1556 1156 conventibus
1588 1118 1731 1156 civium

241 1188 511 1225 Romanorum
547 1186 760 1236 Syracusis,
793 1186 982 1236 Lilybaei,
1016 1185 1210 1232 Panormi,
1244 1193 1362 1235 atque
1393 1187 1441 1224 de
1473 1186 1622 1224 civibus
1655 1189 1731 1224 Ro-

239 1253 376 1301 manis,
408 1254 474 1304 qui
505 1254 682 1309 permulti
715 1254 1014 1304 negotiabantur
1036 1252 1295 1304 Agrigenti3),
1329 1254 1472 1304 quique
1503 1256 1734 1294 habitabant

239 1320 498 1372 Messanae4).
550 1323 667 1361 Unde
698 1322 736 1360 in
759 1322 889 1360 multis
919 1322 1001 1360 aliis
1023 1334 1181 1371 quoque
1203 1321 1362 1361 urbibus
1385 1322 1539 1362 Siciliae
1570 1324 1732 1361 easdem

238 1389 441 1428 societates
472 1390 617 1428 civium
649 1392 919 1428 Romanorum
951 1389 1067 1428 fuisse
1098 1389 1303 1428 verisimile
1334 1397 1400 1428 est.

351 1460 397 1496 In
421 1458 685 1498 Sardiniam
719 1470 876 1508 quoque
896 1460 1015 1508 paulo
1036 1465 1124 1508 post
1154 1459 1321 1496 insulam
1352 1467 1508 1508 captam
1531 1462 1734 1498 Romanos

238 1525 480 1577 immigrasse
511 1527 643 1565 Livius
684 1527 874 1578 significat
912 1540 960 1565 eo
1000 1525 1154 1573 10c05),
1198 1539 1276 1576 quo
1318 1528 1529 1566 memoriae
1570 1528 1729 1566 tradidit

239 1596 294 1634 M.
327 1594 508 1633 Porcium
541 1595 732 1633 Catonern
774 1594 851 1633 iam
893 1608 995 1633 anno
1037 1594 1223 1643 556s198
1265 1596 1496 1634 feneratores
1529 1599 1732 1635 Romanos

239 1674 285 1700 ex
315 1662 440 1700 insula
469 1664 634 1712 fugasse.

357 1731 478 1779 Quod
510 1730 648 1769 attinet
668 1731 719 1769 ad
751 1739 899 1769 terras
923 1730 1156 1778 Orientis,
1189 1731 1485 1770 cives-Romani
1508 1744 1596 1770 curn
1620 1731 1733 1769 sociis

357 1888 384 1927 ¹)
410 1885 481 1920 Cic.
508 1885 543 1919 in
569 1885 669 1919 Verr.
695 1884 716 1918 l.
743 1884 775 1918 lI
800 1887 830 1919 3.
858 1887 879 1920 6
905 1885 946 1919 cf.
974 1884 1080 1919 etiam
1105 1885 1188 1919 ibid.
1216 1885 1236 1918 1.
1256 1885 1285 1918 V
1311 1888 1364 1920 61.
1395 1888 1467 1921 158.

353 1942 382 1983 2)
407 1941 482 1977 CIL
507 1941 538 1975 X
565 1943 654 1977 7459
679 1956 719 1970 =
747 1941 760 1974 I
787 1944 854 1976 533
888 1945 983 1985 (app.
1009 1952 1042 1975 n.
1065 1944 1095 1983 1)
1121 1941 1320 1976 Mommsen
1352 1954 1434 1977 num
1467 1943 1560 1977 hunc
1592 1943 1732 1978 titulum

241 1998 285 2033 ad
310 1998 350 2033 L.
378 1998 596 2042 Scipionem,
630 1998 690 2041 qui
723 2007 814 2031 anno
841 1999 991 2040 561s193
1023 1998 1091 2032 iam
1124 2003 1267 2041 praetor
1295 1999 1438 2034 Siciliae
1471 2004 1565 2043 erat,
1599 2010 1732 2034 summo

240 2055 316 2090 iure
341 2055 484 2098 referat,
509 2054 597 2088 mihi
623 2053 723 2088 valde
750 2053 895 2088 dubium
921 2054 1070 2097 videtur,
1098 2059 1289 2098 propterea
1315 2055 1409 2098 quod
1435 2055 1470 2089 in
1489 2055 1592 2089 titulo
1611 2055 1731 2090 eodem

240 2123 308 2147 vox
336 2123 509 2147 »caussa«
539 2111 660 2146 littera
686 2122 701 2145 s
728 2111 907 2154 geminata
933 2111 1066 2155 scripta
1092 2116 1154 2146 est.
1203 2112 1363 2146 Litterae
1389 2116 1507 2146 autem
1533 2112 1731 2155 geminatae

239 2174 324 2203 tunc
348 2179 417 2203 non
443 2173 544 2203 erant
561 2168 597 2202 in
617 2179 682 2202 usu
700 2168 878 2211 (Garruci,
903 2168 1044 2211 Sylloge
1070 2168 1175 2203 inser.
1195 2168 1254 2203 lat.
1281 2180 1315 2212 p.
1332 2172 1400 2204 214
1425 2180 1455 2202 n.
1475 2170 1565 2209 873).
1607 2168 1731 2211 Neque

240 2237 323 2261 vero
352 2237 440 2270 opus
467 2232 542 2261 erat
575 2236 672 2269 eum,
703 2225 764 2268 qui
796 2226 840 2260 ab
872 2225 1006 2259 Italicis
1033 2225 1210 2259 Halaesae
1243 2225 1500 2269 honorabatur,
1534 2229 1730 2269 praetorem

241 2284 350 2318 fuisse
377 2283 530 2318 Siciliae.
586 2282 684 2318 Fieri
711 2283 802 2317 enim
834 2283 965 2327 potuit,
998 2287 1036 2316 ut
1067 2282 1172 2316 etiam
1205 2283 1434 2325 magistratus
1460 2282 1639 2316 Romanus
1669 2285 1731 2314 aut

239 2341 343 2375 homo
380 2340 539 2384 privatus
574 2340 693 2384 aliquo
725 2340 826 2374 modo
863 2340 904 2374 de
940 2340 1009 2374 illis
1042 2340 1129 2374 bene
1164 2340 1311 2374 meritus
1344 2339 1447 2373 titulo
1481 2337 1728 2372 celebraretur.

243 2399 362 2441 Atque
383 2396 422 2431 L.
442 2396 596 2431 Cornelii
616 2397 801 2441 Scipiones
826 2407 894 2431 non
922 2397 1025 2440 pauci
1052 2396 1085 2430 in
1111 2396 1217 2430 rebus
1235 2394 1403 2430 Romanis
1428 2393 1610 2435 florebant,
1637 2392 1729 2425 velut

243 2456 285 2497 is,
310 2454 371 2498 qui
397 2464 488 2488 anno
514 2455 640 2491 671s83
666 2454 788 2488 consul
814 2459 900 2488 erat.

357 2511 385 2554 ³)
412 2511 482 2546 Cic.
510 2510 545 2544 in
571 2511 670 2545 Verr.
698 2511 718 2544 l.
744 2510 777 2545 II
802 2513 855 2545 62.
885 2513 964 2555 1533
989 2510 1036 2543 IV
1062 2513 1114 2545 43.
1141 2512 1192 2544 93.

355 2569 385 2607 4)
411 2566 495 2601 ibid.
522 2566 542 2600 l.
568 2566 616 2600 IV
646 2570 695 2601 11.
721 2568 783 2606 26;
809 2566 838 2599 V
865 2568 918 2600 63.
949 2568 1020 2599 163.

355 2627 383 2668 ⁵)
408 2623 483 2658 Liv.
508 2626 562 2659 32.
588 2624 641 2659 27.
