1907 2905
789 118 1065 155 ...71-

177 239 337 276 trecenti
368 238 421 276 illi
453 237 632 276 ordinem
663 237 904 286 efficiebant,
947 252 987 277 re
1028 239 1111 289 ipsa
1151 254 1197 279 ex
1228 243 1322 281 urbe
1361 244 1558 294 peregrina
1589 246 1667 283 fac-

177 313 258 344 tum
289 314 359 346 est.

289 376 445 413 Praeter
474 375 580 412 hunc
612 382 849 413 conventum
882 376 922 413 in
944 375 1147 425 provincia
1169 378 1435 426 proconsulari
1456 387 1563 418 erant
1593 379 1665 418 illis

174 442 417 493 temporibus
447 441 560 480 multi
589 442 651 480 alii
682 450 801 492 atque
832 442 1028 493 magni'),
1072 457 1118 481 ex
1160 446 1301 493 quibus
1331 447 1437 495 apud
1468 454 1664 485 auctorem

174 510 262 550 belli
294 510 466 549 Africani
497 511 749 548 nominantur
779 519 993 549 conventus
1026 511 1170 549 civium
1204 514 1475 551 Romanorum
1509 516 1666 553 Hadru-

174 579 266 618 meti
298 585 413 629 atque
444 577 591 628 Thapsi
623 575 979 629 consistentium2),
1014 581 1064 618 ab
1095 580 1235 618 eodem
1266 580 1436 618 Romani
1468 579 1665 632 Zamae-³),

177 644 477 699 ›meqotz'atores
508 643 658 684 Italici·
684 651 979 698 aratoresque«
1015 648 1054 686 in
1086 649 1235 698 oppido
1266 649 1449 698 Thysdro
1462 647 1512 698 4),
1547 657 1664 700 atque

172 729 196 754 a
223 715 403 754 Sallustio
416 713 448 765 ⁵)
481 716 615 765 Vagae
647 715 865 754 habitantes
896 717 1115 755 afferuntur.
1169 717 1246 755 Sed
1276 717 1420 754 multos
1452 726 1665 757 conventus

172 785 212 822 in
243 785 317 821 hac
347 783 547 833 provincia
577 784 695 821 finem
731 784 914 822 habuisse
954 785 1031 822 iam
1063 784 1192 835 primo
1234 786 1390 823 saeculo
1431 798 1468 834 p.
1502 785 1591 824 Chr.
1625 800 1662 824 n.

173 860 338 902 constat,
371 852 462 901 quia
494 851 686 890 maximae
717 854 831 891 urbes
864 853 922 891 his
954 852 1194 902 temporibus
1227 853 1286 891 vel
1318 853 1394 890 iam
1427 860 1560 900 antea,
1601 867 1665 893 ve-

171 922 227 959 lut
257 921 375 959 Utica
406 920 490 970 ipsa
520 933 625 959 anno
657 920 813 969 718s36
827 918 874 970 6),
908 920 1119 970 municipia
1151 929 1216 958 aut
1250 921 1429 958 coloniae
1460 923 1664 961 Romanae

171 990 327 1032 fiebant,
359 1001 477 1039 quam
508 990 560 1027 ob
591 1000 671 1027 rem
703 1002 750 1027 ex
779 990 838 1027 his
869 989 1091 1039 regionibus
1122 996 1271 1038 praeter
1302 1001 1420 1027 unum
1436 987 1466 1038 ⁷)
1498 1002 1664 1040 eumque

169 1069 217 1094 ex
247 1057 396 1107 oppido
427 1057 563 1095 humili
594 1058 813 1096 Masculula
843 1059 991 1095 nullum
1022 1058 1201 1104 titulum,
1243 1069 1322 1106 quo
1361 1065 1577 1096 conventus
1607 1059 1663 1096 in-

170 1124 333 1173 dicatur,
365 1126 496 1163 adhuc
526 1132 719 1164 servatum
751 1126 952 1165 habemus.

286 1195 408 1242 Quod
438 1195 575 1233 attinet
615 1195 665 1233 ad
697 1195 991 1242 Numidiam,
1034 1194 1074 1232 in
1111 1195 1238 1244 capite
1278 1201 1399 1232 terrae
1440 1193 1546 1232 Cirta
1586 1194 1662 1232 iam

171 1262 412 1311 temporibus
444 1263 534 1300 belli
567 1274 656 1301 cum
688 1264 873 1313 Iugurtha
899 1262 995 1313 gesti
1027 1262 1150 1301 Italici
1179 1262 1430 1310 habitabant,
1470 1263 1535 1312 qui
1566 1274 1662 1311 quo·

168 1329 289 1367 modo
319 1336 516 1368 certamen
545 1330 777 1368 Adherbalis
810 1342 900 1369 cum
931 1331 1153 1369 adversario
1195 1330 1453 1378 confecerint,
1496 1338 1610 1369 antea
1641 1344 1662 1368 a

166 1397 282 1436 nobis
313 1406 573 1437 memoratum
605 1407 673 1437 est.

280 1466 471 1505 Venimus
502 1467 552 1505 ad
583 1474 711 1517 partes
741 1467 982 1517 Occidentis,
1014 1468 1263 1518 primumque
1293 1467 1332 1505 in
1363 1466 1660 1518 Hispaniam,

166 1548 286 1585 quam
316 1535 484 1586 primam
514 1536 611 1575 inter
641 1538 711 1576 has
744 1537 915 1576 Romani
952 1538 1069 1576 armis
1099 1539 1346 1587 primamque
1386 1538 1490 1575 cultu
1526 1537 1662 1574 huma-

165 1604 362 1654 nitateque
393 1617 464 1643 sua
494 1613 690 1655 ceperunt.
753 1607 871 1656 Apud
903 1607 1111 1656 scriptores
1143 1613 1292 1643 tanturn
1325 1606 1373 1643 de
1403 1604 1660 1643 conventibus

166 1673 450 1723 negotiatorum
483 1673 666 1724 legimus,
706 1674 883 1724 titulique
914 1681 1066 1713 exstant
1096 1681 1246 1724 praeter
1287 1684 1408 1711 unum
1439 1672 1551 1719 nulli,
1595 1671 1659 1722 qui

165 1741 242 1778 huc
279 1741 483 1791 pertinent.
547 1743 667 1791 Apud
708 1743 916 1780 Caesarem
957 1750 1072 1792 atque
1102 1742 1277 1780 Hirtium
1317 1748 1532 1780 conventus
1564 1741 1660 1779 Cor-

165 1808 292 1846 dubae
305 1806 336 1858 8)
375 1817 493 1858 atque
524 1806 719 1859 Hispali9)
759 1810 987 1857 afferuntur,
1029 1821 1196 1859 quorum
1237 1809 1339 1847 cives
1372 1809 1526 1847 Caesari
1566 1821 1657 1854 non,

164 1883 206 1914 ut
235 1877 274 1914 in
298 1876 440 1923 Africa,
473 1876 717 1924 resistebant,
751 1877 831 1924 sed,
865 1884 906 1915 ut
936 1886 1074 1928 postea
1103 1878 1153 1916 de
1174 1878 1331 1928 Illyrico
1363 1889 1522 1927 quoque
1554 1877 1658 1916 vide-

164 1946 306 1993 bimus,
339 1958 362 1983 a
393 1946 568 1995 partibus
601 1945 681 1983 eius
714 1947 880 1984 stabant.
945 1946 1021 1984 Sed
1053 1953 1249 1995 praeterea
1280 1957 1444 1996 magnus
1476 1957 1657 1984 numerus

282 2121 306 2162 ¹)
334 2119 396 2154 Cic
421 2129 484 2163 pro
510 2119 654 2163 Ligario
680 2119 763 2152 VIII
789 2122 832 2153 24
858 2119 914 2159 (cf.
942 2118 1031 2153 Vell.
1056 2118 1090 2152 II
1121 2122 1170 2153 11.
1197 2122 1242 2159 2).

275 2177 304 2218 2)
330 2177 466 2211 Auctor
491 2176 571 2211 bell.
598 2175 707 2210 Afric.
734 2177 788 2211 97.
994 2177 1020 2220 3)
1048 2175 1130 2210 ibid.
1338 2177 1366 2215 4)
1392 2174 1475 2209 ibid.
1503 2186 1530 2210 c.
1556 2178 1609 2211 36.

277 2234 305 2276 ⁵)
331 2233 413 2268 Sall.
440 2233 519 2268 bell.
547 2233 706 2276 Iugurth.
732 2235 786 2268 47.

277 2292 304 2335 6)
331 2291 398 2326 Dio
425 2293 521 2327 Cass.
547 2295 600 2327 49.
632 2294 688 2336 16;
713 2291 802 2324 Plin.
830 2290 873 2324 ΙΙ.
893 2290 934 2324 N.
956 2291 983 2323 V
1010 2293 1040 2324 4.
1068 2293 1121 2324 24.
1171 2288 1427 2323 Hadrumetum
1454 2299 1474 2321 ει
1501 2287 1652 2321 Traiano

166 2348 325 2382 coloniae
350 2348 406 2383 ius
432 2349 601 2393 adeptum
627 2353 690 2388 est,
720 2347 811 2382 unde
838 2358 964 2382 nomen
993 2347 1063 2381 Col.
1095 2346 1301 2380 Concordia
1337 2345 1453 2389 leia
1485 2344 1650 2377 Traiana

165 2404 335 2449 Auyusca
357 2407 547 2451 fruyz'fera
574 2405 864 2439 IIaclrmnetzmi.
913 2404 954 2438 cf.
981 2403 1057 2439 CIL
1084 2403 1166 2437 VIII
1192 2414 1225 2446 1).
1248 2405 1297 2436 14.

280 2462 307 2503 7)
333 2462 480 2505 Ephem.
508 2462 617 2505 epigr.
636 2462 666 2495 V
692 2463 758 2497 597
786 2468 880 2505 (app.
908 2472 940 2494 n.
959 2462 1033 2501 97›:
1060 2460 1200 2494 titulum
1227 2458 1317 2501 Eph.
1344 2457 1453 2499 epigr.
1481 2455 1509 2489 V
1536 2467 1566 2490 n.
1585 2459 1650 2490 638

164 2522 260 2562 (app.
287 2529 319 2552 n.
339 2521 396 2558 98)
423 2518 465 2551 ad
493 2518 587 2552 cives
612 2518 790 2552 Romanos
816 2517 940 2552 referri
966 2517 1042 2551 iuro
1069 2516 1190 2559 ecquis
1215 2515 1362 2556 iudicet,
1394 2513 1492 2546 vald«¹
1518 2512 1649 2547 dubito.

276 2575 305 2614 ⁸)
332 2575 431 2608 CaeS.
457 2573 536 2608 bell.
563 2575 627 2609 civ.
652 2574 685 2608 II
713 2578 763 2609 19.
789 2577 829 2613 3;
855 2577 916 2608 21:
944 2573 1049 2606 Hirtii
1078 2573 1156 2605 boll.
1187 2572 1283 2604 Alex.
1311 2572 1369 2604 57:
1396 2572 1455 2603 58:
1483 2573 1534 2602 59.

275 2632 304 2674 ²⁴)
330 2632 429 2664 Caes.
457 2631 535 2665 hell.
563 2631 625 2665 civ.
653 2631 684 2664 II
710 2634 763 2666 20.
