1928 2884
658 248 1286 333 ARGUMENTUM.

813 434 1140 476 Prooemium,

231 515 285 550 De
312 515 420 549 variis
447 514 637 558 generibus
662 513 790 548 civium
814 513 1055 546 Romanorum
1081 512 1117 545 in
1149 512 1342 556 provinciis
1367 511 1638 546 consistentium
1657 485 1728 510 pag·

319 582 511 614 eorumque
530 571 606 605 iure
625 570 821 614 praecipuo
839 579 881 603 ac
899 569 1108 612 privilegiis.
1136 569 1188 603 De
1208 568 1468 612 significatione
1486 567 1637 602 nominis

324 629 489 663 »Italici«
549 652 1580 662 ...................
1606 641 1610 645 ’
1630 652 1637 658 .
1711 627 1726 659 1

886 697 1008 738 Pars
1039 696 1070 737 Ι.

227 765 409 809 Quomodo
443 770 505 799 aut
541 765 746 799 Italicorum
779 768 840 797 aut
878 763 1007 797 civium
1038 763 1279 797 Romanorum
1317 761 1506 796 societates
1545 760 1640 805 apud

323 834 442 857 rerum
468 822 662 866 scriptores
695 826 729 855 et
754 821 790 854 in
822 820 936 855 titulis
968 820 1196 854 nominentur
1225 818 1449 861 maximeque
1481 817 1524 852 de
1555 827 1639 852 voce

326 886 531 924 conventus,
558 879 643 924 quid
671 879 737 913 sibi
764 878 859 922 velit,
885 877 1070 921 quaeritur
1117 902 1641 910 ..........
1710 878 1732 910 9

869 947 992 988 Pars
1024 947 1077 987 II.

232 1016 286 1051 De
332 1016 556 1050 curatoribus
598 1015 799 1058 ceterisque
840 1013 1119 1057 magistratibus
1149 1012 1465 1056 congregationum
1512 1011 1642 1046 civium

325 1073 576 1107 Romanorum.
627 1072 704 1115 Quo
732 1072 810 1106 iure
837 1081 979 1115 quaque
1006 1070 1214 1106 condicione
1240 1079 1326 1104 usae
1353 1069 1424 1104 sint
1461 1097 1469 1104 .
1518 1097 1525 1104 .
1575 1097 1582 1103 .
1632 1095 1640 1102 .
1689 1068 1732 1103 27

856 1140 978 1182 Pars
1010 1140 1086 1183 ΙΙΙ,

227 1210 280 1245 De
308 1209 432 1254 initiis,
459 1208 728 1254 propagatione,
754 1208 824 1243 fine
852 1208 1172 1252 congregationum
1196 1207 1326 1242 civium
1351 1206 1594 1241 Romanorum
1633 1232 1640 1240 .
1689 1207 1734 1240 49

879 1279 983 1320 Pars
1014 1278 1085 1319 IV.

229 1347 283 1381 De
317 1347 446 1381 civium
472 1346 713 1381 Romanorum
745 1346 790 1380 ad
822 1351 941 1380 castra
973 1345 1103 1380 stativa
1134 1344 1382 1388 societatibus,
1414 1353 1506 1387 quae
1539 1342 1643 1386 vulgo

330 1403 536 1438 »canabae«
567 1402 734 1436 dicuntur
773 1425 1641 1436 ................
1690 1400 1736 1432 80

235 1471 429 1516 Appendix
488 1495 1411 1507 .................
1460 1495 1469 1511 .
1519 1494 1524 1500 .
1575 1492 1583 1502 .
1631 1493 1639 1500 .
1687 1467 1730 1501 97

230 1529 408 1564 Addenda
433 1550 1638 1565 ......................
1668 1525 1731 1558 115

687 1676 1131 1734 GORRIGEN
1148 1677 1273 1730 DA.

230 1837 263 1870 p.
285 1829 306 1861 6
330 1837 360 1859 V.
380 1828 400 1859 9
421 1836 494 1870 pro
521 1824 656 1859 socium
682 1823 921 1857 venominisve
947 1823 967 1858 Z.
995 1822 1173 1857 sociumve
1198 1821 1404 1857 nominisve.

230 1883 263 1915 p.
285 1874 327 1906 14
353 1871 432 1905 adn.
451 1874 472 1905 3
497 1881 526 1904 V.
546 1872 567 1904 8
591 1881 660 1915 pro
686 1869 858 1912 templum
883 1868 1023 1902 veneris
1048 1868 1070 1902 l.
1097 1868 1268 1911 templum
1294 1866 1455 1902 Veneris.

232 1928 266 1960 p.
285 1920 324 1951 21
354 1927 384 1949 v.
403 1920 423 1951 5
445 1927 517 1961 pro
543 1914 814 1949 numeromultis
839 1914 860 1947 Z.
887 1924 1033 1948 numero
1061 1913 1191 1948 multis.

229 1973 262 2006 p.
281 1965 326 1997 22
351 1973 381 1995 v.
399 1965 419 1996 8
440 1972 514 2006 pro
539 1961 629 1994 intet
655 1970 691 1994 se
718 1960 739 1994 Z.
765 1960 859 1994 inter
885 1969 932 1994 se.

231 2019 264 2051 p.
285 2010 328 2043 23
354 2019 384 2041 v.
403 2009 447 2041 26
468 2018 541 2052 pro
566 2006 722 2040 barbam
747 2006 768 2039 Z.
794 2005 959 2040 barbara.

231 2064 263 2097 p.
281 2056 327 2088 30
353 2064 382 2087 v,
401 2056 421 2087 6
446 2064 514 2097 pro
540 2051 649 2086 Delos
676 2051 696 2085 l.
724 2051 846 2085 Delus.

232 2110 265 2142 p.
283 2102 327 2133 35
352 2109 382 2133 v.
402 2099 446 2133 27
468 2109 540 2142 pro
567 2097 663 2141 apud
681 2096 874 2132 Helvetios.
917 2096 991 2130 Soli
1017 2097 1120 2139 genio
1146 2097 1167 2130 Z.
1195 2095 1290 2140 apud
1308 2094 1491 2129 Helvetios
1517 2093 1590 2129 Soli
1617 2093 1731 2137 genio.

232 2155 264 2187 p.
283 2147 325 2178 41
353 2155 382 2177 v.
401 2147 423 2177 4
447 2155 516 2188 pro
542 2142 770 2186 amplissimis
797 2142 818 2175 Z.
845 2142 1092 2185 amplissimos.

232 2200 265 2233 p.
283 2192 328 2223 43
354 2188 432 2222 adn.
451 2191 473 2222 2
498 2199 526 2221 ν.
545 2191 567 2222 4
588 2199 659 2233 pro
686 2187 856 2222 Romanis
882 2187 902 2221 Z.
928 2187 1117 2221 Romanos.

231 2246 265 2278 p.
283 2235 327 2269 47
353 2245 382 2267 v.
400 2237 421 2268 5
442 2245 515 2278 pro
541 2233 787 2277 praecendunt
812 2233 831 2266 l.
859 2233 1088 2276 praecedunt.

235 2291 268 2324 p.
286 2282 331 2314 48
356 2290 386 2313 V.
407 2281 448 2314 13
469 2290 541 2324 pro
568 2278 717 2323 Cycicus
742 2278 763 2311 l.
791 2278 950 2322 Cyzicus.

232 2336 266 2369 p.
283 2327 328 2360 58
353 2336 383 2358 V.
404 2328 418 2358 1
442 2336 515 2369 pro
542 2323 759 2367 epimeletas.
793 2343 836 2348 —
867 2323 1106 2357 Athenienses
1132 2322 1309 2356 honorant
1334 2321 1354 2355 l.
1388 2320 1596 2365 epimeletas
1622 2319 1733 2355 Athe-

369 2369 512 2404 nienses
537 2369 724 2403 honorant.

235 2416 281 2450 ib.
308 2427 339 2450 v.
357 2418 400 2450 25
423 2426 495 2460 pro
522 2418 651 2458 exepto
677 2414 698 2448 l.
725 2418 884 2457 excepto.

234 2472 267 2505 p.
286 2464 330 2497 60
354 2472 384 2494 v.
406 2463 446 2495 15
467 2472 540 2505 pro
565 2459 728 2503 magistri
754 2460 774 2493 Z.
801 2459 993 2502 magistris.

234 2517 267 2551 p.
287 2510 327 2542 61
356 2517 385 2540 v.
404 2508 425 2540 8
445 2517 518 2550 pro
543 2505 741 2540 Romanam
765 2505 786 2538 Z.
814 2504 1024 2539 Romanum.

234 2564 268 2597 p.
287 2555 331 2588 64
356 2551 436 2586 adn.
454 2553 475 2586 3
501 2562 530 2585 v.
550 2554 571 2585 2
596 2563 664 2596 pro
692 2550 764 2585 dux
785 2550 1013 2584 Achaeorum
1037 2550 1058 2584 l.
1086 2560 1149 2583 rex
1174 2549 1423 2584 Macedonum.

550 2723 647 2755 Typis
667 2722 832 2749 Martini
852 2721 1168 2754 Oldenbouigii,
1189 2720 1413 2747 Berolinensis.

1924 383 1928 393 -
1919 311 1928 374 ...μ-
1919 100 1928 303 -ma-...ss-nm
1911 0 1928 89 ,ιι-’κέ
