1907 2905
748 153 1027 192 -79-

147 274 360 322 societates,
393 287 490 324 quas
521 274 786 321 tractavimus,
818 282 932 313 natae
961 283 1081 323 erant,
1113 278 1166 316 ab
1196 278 1262 316 illa
1291 287 1416 319 aetate
1447 280 1492 319 iis
1513 288 1633 331 erant,

145 343 212 393 qui
241 343 389 392 ubique
417 355 541 393 usque
571 356 618 382 eo
642 355 751 381 suam
775 343 1057 393 rempublicam
1089 345 1127 383 in
1148 346 1349 396 republica
1369 347 1633 397 habuerant1).

144 413 247 449 Tum
279 424 371 449 vero
405 411 508 460 Syri,
549 411 615 460 qui
645 418 847 461 tamquam
889 412 969 449 nati
1011 412 1062 450 ad
1103 413 1385 452 commercium
1425 415 1500 454 iam
1539 417 1636 454 anti-

143 478 342 529 quissimis
380 479 624 528 temporibus
670 479 813 517 liberae
853 479 1087 529 reipublicae
1125 493 1194 530 per
1236 482 1389 520 Italiam
1434 490 1636 533 totumque

143 547 401 585 Occidentem
424 555 661 586 mercaturas
693 547 830 586 fecisse
860 547 1040 586 videntur
1053 544 1099 598 2),
1132 549 1201 587 sed
1231 548 1304 599 ipsi
1335 562 1492 600 quoque
1513 564 1535 588 a
1555 552 1636 589 Ro-

142 615 266 653 manis
296 615 441 666 negotii
469 615 709 665 gerentibus,
742 615 809 665 qui
839 624 896 654 tot
928 624 1086 665 tamque
1116 616 1232 655 variis
1264 618 1503 666 commodis,
1542 630 1636 668 quo-

141 695 309 732 cumque
339 683 379 721 in
409 684 498 721 loco
520 682 670 732 imperii
692 682 954 731 constiterant,
989 683 1284 731 adiuvabantur,
1316 685 1501 733 paulatim
1525 699 1636 738 supe-

140 751 210 789 rati
231 758 350 798 erant,
384 751 506 800 magis
517 748 549 800 3)
573 751 786 801 magisque,
819 751 946 801 primo
968 751 1005 788 in
1028 751 1224 789 mercibus
1246 764 1293 789 ex
1316 752 1474 791 Oriente
1496 767 1634 805 expor-

138 819 281 866 tandis,
314 826 395 857 tum
417 819 533 857 etiam
565 819 604 857 in
635 819 678 857 iis
709 820 886 870 negotiis,
919 832 1019 869 quae
1050 820 1222 857 Romani
1252 820 1424 859 maxime
1453 834 1523 861 sua
1553 826 1636 863 sola

143 887 342 925 vindicare
370 886 470 926 soliti
491 894 610 934 erant,
643 886 654 924 i
691 899 723 925 e.
756 888 794 925 in
816 888 1030 925 fenerando
1052 887 1323 937 principatum,
1354 897 1397 927 ut
1415 889 1468 928 ita
1489 890 1633 941 dicam,

139 955 279 993 iterum
310 955 638 1005 adipiscebantur.
690 958 725 993 A
757 956 868 994 tertio
899 956 1000 994 enim
1033 957 1189 994 saeculo
1209 964 1374 996 exeunte
1403 959 1544 1008 illaque
1565 974 1633 1010 po—

139 1023 332 1062 tissimum
361 1030 500 1070 aetate,
530 1035 608 1072 qua
628 1023 783 1062 barbari
805 1024 843 1062 in
864 1025 959 1062 fines
989 1008 1140 1074 imperii
1160 1025 1334 1074 undique
1354 1025 1631 1077 irrumpebant,

141 1104 277 1130 omnes
306 1104 374 1141 per
404 1093 518 1130 urbes
549 1093 736 1141 locosque
766 1093 882 1130 totius
914 1093 1159 1143 Occidentis,
1191 1101 1232 1132 ut
1263 1094 1355 1133 olim
1386 1095 1556 1134 Romani
1594 1096 1632 1134 in

137 1159 322 1198 universo
343 1159 517 1210 imperio,
549 1161 777 1211 negotiandi
798 1173 916 1199 causa
937 1160 1143 1212 dispersi4)
1175 1163 1292 1201 etiam
1315 1162 1353 1200 in
1375 1164 1631 1213 perturbatio-

250 1303 275 1347 1)
302 1302 414 1345 Quam
433 1303 538 1337 aliter·
554 1308 678 1346 postea
697 1303 887 1338 societates
905 1305 1167 1348 negotiatorum
1185 1307 1402 1350 compositae
1421 1307 1500 1352 sint,
1516 1308 1631 1343 elucet

137 1371 181 1394 ex
206 1359 325 1404 lapide
344 1359 488 1404 Dacico,
515 1361 575 1403 qui
602 1361 647 1394 ad
667 1361 989 1405 Sarmizegetusam
1015 1363 1180 1407 pertinet,
1206 1364 1266 1398 ubi
1292 1365 1531 1407 negotiatores
1550 1375 1629 1408 pro-

134 1417 270 1451 vinciae
296 1417 488 1460 Apulensis
523 1417 617 1452 inter
648 1429 685 1452 se
717 1419 897 1453 coniuncti
929 1418 1103 1454 videntur.
1161 1419 1235 1454 CIL
1267 1421 1319 1454 III
1353 1425 1440 1456 1500
1474 1421 1629 1456 »Crasso

133 1473 326 1508 Macrobio
352 1475 599 1519 neyotiatores
619 1476 836 1520 provinciae
854 1475 1082 1520 Apul(ensis)
1109 1476 1293 1520 defensori
1318 1478 1487 1522 optimo«.
1529 1478 1628 1512 Titu-

133 1530 205 1564 lum
232 1530 324 1564 enim
350 1530 445 1564 hunc
470 1535 551 1574 post
576 1531 814 1575 Caracallam,
846 1532 998 1566 fortasse
1025 1542 1094 1566 non
1119 1532 1229 1567 multo
1263 1539 1453 1577 antequam
1478 1534 1628 1569 Romani

133 1586 281 1620 Daciam
306 1586 539 1631 reliquerunt,
565 1587 736 1631 scriptum
763 1598 840 1622 esse
860 1588 998 1623 duabus
1020 1600 1065 1623 ex
1089 1589 1195 1623 rebus
1214 1590 1351 1624 ostendi
1368 1596 1496 1634 potest.
1538 1591 1629 1625 Nam

132 1642 284 1686 primum
302 1642 506 1678 defensores
525 1644 755 1687 collegiorum
773 1645 1002 1680 inveniuntur
1020 1657 1088 1680 non
1108 1652 1189 1681 ante
1206 1647 1373 1682 Severum
1385 1648 1627 1683 Alexandrum

132 1699 190 1739 (cf.
208 1699 414 1744 Liebenam,
439 1700 747 1736 RomVereinsw.
775 1713 807 1746 p.
826 1704 905 1747 49);
932 1703 1058 1738 deinde
1085 1704 1179 1747 quod
1205 1704 1241 1738 in
1267 1705 1407 1738 nomine
1431 1704 1626 1740 defensoris

132 1755 226 1789 illius
260 1760 295 1790 et
328 1766 543 1800 praenomen
579 1763 613 1792 et
647 1769 774 1792 nomen
808 1759 939 1802 gentile
973 1760 1239 1804 desiderantur,
1277 1761 1401 1795 titulus
1437 1762 1627 1805 posteriori

132 1812 243 1846 aetati
276 1813 487 1848 tribuendus
520 1819 590 1859 est,
628 1814 663 1848 id
696 1815 790 1858 quod
822 1816 899 1860 ipso
933 1817 1141 1859 cognomine
1175 1816 1350 1852 Macrobii
1388 1818 1625 1854 confirmatur.

131 1867 175 1902 cf.
204 1869 310 1903 etiam
340 1872 604 1915 ›)ne90tiat0res
621 1872 807 1914 divitatis)
824 1872 1152 1917 Mmttiacorzmu«,
1178 1873 1238 1916 qui
1256 1874 1323 1908 sibi
1352 1876 1529 1910 »scholam
1554 1876 1626 1919 (ἵζε)

130 1929 222 1973 s(uo)
242 1928 427 1971 fecerunt«
455 1928 491 1962 in
517 1928 620 1962 titulo
646 1929 730 1962 anni
749 1932 815 1964 212
841 1940 873 1973 p.
893 1929 972 1964 Chr.
1023 1930 1282 1974 Korresp.-Bl.
1310 1931 1342 1964 d.
1370 1932 1504 1966 Westd.
1531 1932 1625 1966 Zeit-

131 1984 221 2019 schr.
242 1983 293 2018 IX
319 1995 351 2028 p.
373 1986 459 2028 186).

243 2041 272 2084 2)
298 2042 396 2086 Tyrii
438 2042 507 2076 iam
540 2042 735 2086 participes
774 2042 928 2078 foederis
961 2043 1308 2086 Carthaginiensium
1345 2056 1425 2079 cum
1456 2045 1624 2080 Romanis

129 2102 279 2142 406s348
304 2099 366 2134 icti
391 2104 494 2134 erant
517 2099 652 2143 (Polyb.
677 2099 728 2133 III
753 2103 821 2134 24».
864 2100 1099 2144 Temporibus
1126 2100 1258 2135 liberae
1284 2101 1502 2145 reipublicae
1528 2102 1623 2136 nullo

130 2156 200 2192 alio
225 2156 261 2190 in
288 2156 364 2191 loco
390 2156 459 2190 nisi
484 2156 519 2190 in
546 2156 636 2191 Delo
662 2157 778 2191 insula
805 2157 955 2200 collegia
987 2163 1222 2192 mercatorum
1254 2168 1274 2191 a
1301 2158 1398 2202 Syris
1431 2159 1623 2193 constituta

128 2212 240 2256 (CIGr
263 2214 369 2257 22713
395 2213 487 2247 Bull.
512 2213 543 2248 d.
563 2224 590 2248 c.
609 2214 700 2249 Hell.
719 2214 769 2248 ΙΙΙ
795 2226 827 2258 p.
846 2218 928 2259 3743
957 2215 1020 2249 VII
1046 2227 1078 2259 p.
1097 2219 1181 2259 4683
1208 2216 1256 2250 VI
1280 2218 1359 2259 495)
1386 2217 1621 2260 eognovimus,

129 2273 254 2311 postea
279 2269 343 2304 sub
368 2270 643 2313 imperatoribus
670 2271 775 2305 etiam
802 2271 960 2306 Puteolis
994 2272 1107 2315 (CIGr
1131 2275 1220 2307 5853
1253 2283 1282 2307 a.
1311 2275 1373 2308 174
1407 2285 1438 2317 p.
1464 2273 1543 2307 Chr.
1570 2283 1620 2315 n.;

129 2324 205 2359 CIL
231 2325 262 2359 X
288 2336 320 2369 p.
343 2328 444 2368 16013
477 2327 522 2361 ib.
548 2338 581 2361 n.
603 2330 705 2372 1634,
741 2338 771 2362 a.
793 2331 856 2363 116
882 2340 914 2372 p.
935 2329 1015 2363 Chr.
1034 2340 1084 2372 11.;
1119 2329 1160 2362 cf.
1189 2329 1294 2363 etiam
1331 2340 1361 2363 ιι.
1386 2330 1478 2363 1578.
1509 2330 1619 2369 1579).

131 2383 252 2417 Ostiae
280 2383 392 2423 (CIGr
417 2387 531 2428 5892),
557 2384 719 2420 Malacae
745 2387 780 2419 in
807 2386 982 2429 Hispania
1000 2385 1090 2429 (CIL
1108 2385 1141 2419 11
1169 2397 1200 2429 p.
1219 2389 1280 2420 251
1303 2401 1344 2415 =
1364 2385 1489 2419 Kaibel
1516 2385 1618 2418 inser.

129 2450 178 2482 gr.
207 2438 275 2474 Sic.
302 2445 337 2475 et
360 2440 486 2475 Italiae
511 2444 627 2482 2540).

241 2497 270 2541 ³)
296 2497 339 2533 cf.
364 2497 519 2532 Iuvenal.
547 2498 618 2533 Sat.
644 2499 660 2532 Ι
689 2503 715 2533 1.
745 2502 933 2535 103-106.

241 2555 272 2595 4)
299 2553 672 2601 Scheffer-Boichorst,
698 2557 765 2591 Die
793 2557 900 2602 Syrer
925 2557 971 2591 im
997 2556 1240 2591 Abendlande.
1288 2555 1427 2589 Mitteil.
1453 2554 1484 2587 d.
1504 2553 1615 2587 lustit.

127 2610 150 2644 f.
182 2613 306 2645 osterr.
338 2609 642 2647 Gesch.-Forsch.
677 2613 723 2647 VI
755 2616 873 2657 (1885)
908 2624 941 2657 p.
966 2616 1174 2656 521—550;
1213 2610 1455 2652 Frieduuuler,
1488 2610 1616 2642 Sitten-

128 2666 244 2712 gescli.
272 2666 328 2700 ΙΙ(ἲ
366 2677 398 2710 p.
425 2668 468 2702 78
486 2678 556 2711 sq.;
589 2668 654 2703 His
689 2669 909 2713 temporibus
942 2680 1065 2703 nonu-u
1094 2671 1259 2713 Syrorum
1293 2667 1527 2701 adhibebatur
1551 2677 1614 2711 pru
