1928 2884
842 90 1120 128 „32—

234 214 459 264 Naronae¹)
492 215 531 253 in
561 213 760 253 Dalmatia
790 221 910 262 atque
941 208 1197 261 Nauporti2),
1239 223 1357 261 quem
1388 212 1540 260 vicum,
1581 215 1736 250 »mmzi-

235 283 330 337 cz'piz'
359 283 537 329 instar«,
570 282 718 320 civibus
740 281 934 319 Romanis
957 280 1202 319 domicilium
1234 281 1350 319 fuisse
1373 281 1534 320 Tacitus
1560 280 1733 328 tradidit,

232 352 463 391 invenimus
539 352 694 388 Incolas
740 357 871 387 autem
915 348 1023 398 ipsos
1068 349 1275 388 societates
1320 349 1515 388 eiusmodi
1570 347 1730 387 »vicos«

234 429 348 470 atque
379 433 419 458 se
464 417 675 456 »vivanos«
722 417 946 455 nominasse
985 424 1175 454 testantur
1214 417 1316 455 tituli
1346 418 1538 468 Nauporti
1580 417 1733 467 reperti,

233 489 299 527 ubi
329 488 501 538 magistri
540 487 593 524 illi
636 485 813 524 societati
851 484 1062 535 praepositi
1109 483 1336 536 ›mia-(sistri
1362 484 1465 524 vici«
1513 494 1631 536 atque
1668 486 1734 524 de-

233 564 335 595 creta
366 558 638 594 Romanorum
675 552 940 591 »vicanorum
972 551 1103 591 scita«
1140 553 1334 592 dicuntur.
1394 554 1634 593 Decuriones
1665 553 1734 604 igi-

229 633 309 672 tur,
348 624 398 661 ad
429 635 528 672 quos
560 629 696 672 postea
727 620 809 658 aliis
842 619 880 658 in
911 621 1010 659 locis
1048 620 1163 659 simili
1195 622 1317 660 modo
1355 621 1576 660 constitutis
1607 621 1736 660 venie—

190 733 193 735 ,
232 706 330 741 mus,
362 692 439 730 illic
468 704 548 729 non
580 691 697 730 fuisse
729 690 919 728 videntur.
974 691 1157 729 Ceterum
1190 691 1227 729 in
1258 690 1318 729 his
1349 691 1506 741 oppidis
1528 693 1734 729 Romanos

231 762 398 799 eandem
430 760 548 798 vitam
582 760 734 810 degisse
771 760 990 808 eademque
1028 759 1178 798 ratione
1215 772 1296 797 rem
1334 759 1535 809 publicam
1571 759 1736 810 gessisse

231 838 346 879 atque
384 828 423 866 in
464 828 684 877 municipiis
723 827 967 877 coloniisque
1008 827 1101 877 ipsis
1143 827 1295 877 opinari
1336 827 1478 866 licebit.
1549 828 1734 877 Legimus

231 897 333 935 enim
365 897 403 935 in
435 897 548 935 titulo
571 894 831 945 Naronensi3)
855 897 1102 946 magistratus
1124 896 1200 934 vici
1230 895 1375 942 turrim,
1409 906 1530 945 quam
1560 895 1599 934 in
1621 907 1734 934 muro

231 966 333 1004 circa
366 967 497 1004 urbem
521 966 770 1003 aedificando
801 972 1040 1003 exstructam
1073 978 1156 1003 esse
1178 964 1383 1002 verisimile
1405 972 1474 1014 est⁷
1507 964 1731 1002 faciendam

231 1035 443 1082 curavisse,
479 1042 515 1072 et
546 1034 585 1071 in
616 1031 780 1082 altero4)
813 1033 1015 1072 hominem
1046 1033 1240 1082 privatum
1280 1033 1418 1071 aedem
1450 1033 1593 1071 Libero
1625 1033 1735 1070 dedi-

231 1117 350 1142 casse.
413 1103 607 1152 Nauporti
639 1116 729 1141 vero
762 1102 935 1152 magistri
966 1103 1159 1151 templum
1194 1102 1366 1151 Neptuni
1398 1109 1435 1139 et
1457 1098 1733 1150 Aequornae5)

230 1180 348 1221 atque
379 1171 573 1221 porticum
607 1171 742 1209 fecisse
773 1172 989 1210 traduntur.
1052 1171 1155 1209 Cum
1183 1170 1241 1208 his
1265 1179 1396 1208 autem
1428 1170 1470 1217 si,
1504 1182 1605 1219 quae
1626 1170 1734 1220 apud

231 1242 436 1279 Caesarem
468 1240 720 1289 Hirtiumque
758 1241 806 1278 de
845 1240 1107 1277 conventibus
1140 1239 1284 1277 civium
1317 1241 1589 1276 Romanorum
1624 1240 1734 1276 Salo-

230 1310 288 1348 nis
319 1318 436 1359 atque
469 1309 570 1347 Lissi
601 1316 775 1356 exstant,
817 1309 1117 1355 contulerimus,
1160 1308 1237 1345 iarn
1278 1307 1350 1345 illis
1382 1308 1625 1357 temporibus
1656 1308 1730 1345 hos

231 1391 388 1428 quoque
419 1387 637 1417 conventus
676 1379 731 1416 ita
761 1386 899 1416 auctos
931 1391 1014 1416 esse
1045 1377 1316 1424 censebimus,
1358 1385 1399 1415 ut
1439 1377 1551 1426 quasi
1583 1375 1732 1426 oppida

229 1448 369 1485 eodem
401 1449 523 1486 modo
555 1461 602 1485 ac
622 1449 785 1486 Narona
815 1455 853 1485 et
875 1449 1101 1497 Nauportus
1133 1447 1346 1484 constituta
1377 1453 1518 1485 essent.
1568 1446 1732 1483 Salonas

229 1516 409 1564 quidem,
443 1517 509 1555 ubi
542 1517 688 1555 Caesar
725 1524 963 1554 conventum
1008 1522 1315 1561 commemorat,
1359 1514 1533 1561 Hirtius7
1575 1522 1616 1551 ut
1655 1513 1732 1551 iam

229 1597 344 1634 supra
378 1585 777 1624 commemoravimus
815 1580 1037 1636 »oppidum
1069 1582 1340 1629 maritimum,
1373 1579 1485 1635 quod
1516 1580 1622 1619 cives
1650 1579 1733 1619 Ro-

228 1651 343 1690 mani
372 1650 607 1704 fortissimi
627 1650 959 1705 fidelissimique
1000 1649 1250 1691 incolebant«
1296 1652 1496 1699 nominat,
1535 1658 1652 1700 atque
1684 1651 1733 1688 de

344 1880 370 1922 1)
397 1878 472 1913 CIL
497 1878 519 1911 l.
547 1878 567 1912 l.
594 1877 847 1922 magistrorum
873 1877 964 1911 alter
990 1882 1043 1911 est
1068 1877 1255 1921 ingenuus,
1288 1876 1379 1910 alter
1403 1875 1603 1921 libertinus⁷
1630 1875 1730 1911 item-

228 1949 297 1982 que
324 1948 379 1972 res
406 1948 442 1971 se
468 1937 578 1971 habet
604 1936 646 1971 de
674 1935 935 1979 quaestoribus.

341 1995 368 2039 2)
394 1995 647 2030 C1L111377e
673 1996 767 2038 (app.
795 2005 827 2027 n.
850 1995 926 2036 114)
952 1997 987 2027 et
1011 1993 1099 2028 3777
1127 1994 1221 2036 (app.
1240 2003 1272 2025 n.
1296 1994 1382 2036 115).
1424 1991 1592 2034 Magistri
1610 2001 1730 2026 omnes

228 2057 310 2086 sunt
334 2052 502 2087 libertini.
552 2052 645 2086 Nam
671 2051 739 2085 hoc
765 2061 907 2094 quoque
935 2050 1080 2093 dignum
1107 2055 1161 2084 est
1186 2054 1329 2093 notatu⁷
1363 2053 1450 2092 quot
1475 2047 1634 2082 libertini
1658 2047 1730 2082 illis

227 2111 450 2154 potissimum
475 2110 696 2154 temporibus
721 2110 855 2144 liberae
881 2109 934 2143 rei
960 2108 1125 2152 publicae
1152 2108 1246 2141 inter
1271 2106 1366 2140 cives
1384 2105 1562 2139 Romanos
1586 2104 1623 2138 in
1647 2115 1728 2149 pro-

227 2168 352 2202 vinciis
379 2169 614 2202 consistentes
646 2168 789 2202 fuerint.
845 2167 965 2201 Primo
996 2167 1091 2200 cives
1120 2166 1190 2210 ipsi
1223 2165 1259 2199 in
1289 2163 1480 2208 provinciis
1511 2164 1731 2198 domicilium

227 2231 438 2269 perpetuum
464 2236 534 2259 non
560 2226 754 2260 collocasse
780 2224 962 2267 videntur,
995 2225 1057 2258 sed
1090 2235 1134 2258 ex
1165 2223 1343 2258 libertinis
1377 2223 1451 2257 suis
1477 2227 1729 2266 procuratores

228 2287 290 2315 aut
315 2282 452 2317 villicos
477 2283 629 2317 misisse.
687 2282 778 2316 Vide
805 2282 912 2316 etiam
940 2281 1062 2316 titulos
1089 2281 1247 2315 deliacos
1274 2281 1434 2325 priorum
1465 2286 1665 2324 temporum
1697 2285 1732 2314 et

228 2340 298 2374 Cic.
326 2352 379 2384 ep.
407 2341 452 2374 ad
477 2341 558 2375 fam.
584 2341 601 2374 I
625 2345 656 2375 4.
686 2344 714 2385 1,
740 2344 777 2384 23
804 2339 873 2373 XII
898 2342 951 2374 29.
979 2341 1017 2382 23
1044 2338 1130 2372 XIII
1156 2341 1210 2373 21.
1235 2341 1273 2382 2;
1298 2341 1352 2373 23.
1381 2342 1415 2382 13
1440 2340 1495 2373 27.
1519 2340 1558 2383 23
1583 2340 1644 2382 333
1669 2341 1732 2382 383

227 2399 287 2441 423
315 2400 368 2433 69.
390 2397 509 2441 13³703
536 2398 573 2431 in
599 2398 700 2432 Verr.
728 2397 748 2430 l.
768 2397 799 2431 V
824 2400 877 2432 59.
907 2399 981 2431 154.

340 2454 368 2497 3)
395 2455 470 2488 CIL
494 2455 544 2488 III
573 2458 660 2490 1820
686 2457 780 2498 (app.
808 2466 840 2488 n.
862 2457 949 2498 113).

340 2513 368 2555 4)
394 2511 469 2546 CIL
493 2512 546 2545 III
574 2513 671 2557 1784,
698 2512 740 2546 cf.
770 2514 856 2547 1785
883 2517 918 2546 et
946 2514 1042 2546 1821.
1095 2510 1161 2545 »R
1181 2510 1364 2544 Annaeus
1390 2511 1430 2552 Q.
1458 2511 1479 2544 ἰ.
1507 2511 1725 2556 Epicadus«

227 2567 381 2603 fortasse
408 2574 462 2603 est
486 2568 591 2613 idem,
619 2569 680 2612 qui
705 2569 742 2603 in
766 2580 799 2603 n.
821 2572 908 2604 1820
933 2573 1103 2612 quaestor
1128 2567 1342 2602 nominatur.

316 2624 368 2671 ”5)
394 2626 447 2660 De
473 2626 667 2669 Aequorna
693 2625 760 2661 dea
785 2625 827 2660 cf.
854 2625 1062 2661 Mommsen.
1102 2624 1177 2660 CIL
1202 2625 1218 2658 I
1243 2629 1276 2668 p'.
1296 2625 1375 2659 271.
