1907 2905
219 245 335 278 vento
348 236 393 289 ¹).
462 237 696 276 Brevissime
733 244 863 277 autem
904 238 1007 277 cives
1046 238 1217 276 Romani
1253 238 1313 276 Ilii
1350 237 1606 277 consistentes
1644 251 1712 277 no-

219 307 413 345 minantur
450 306 575 344 verbis
617 304 677 343 »oi
710 302 904 356 Ῥωμαῖοι
942 305 976 344 οἱ
1015 304 1057 343 ἐν
1092 304 1232 358 [ι’ἷλέῳιι
1250 304 1304 357 ²),
1347 308 1456 356 quod
1494 308 1626 345 nescio
1663 319 1713 345 an

220 375 501 413 conferendum
538 374 586 413 sit
622 386 712 413 curn
750 387 795 413 ea
831 375 997 422 ratione,
1041 387 1118 425 qua
1161 373 1291 412 »cives
1330 372 1511 413 Romani
1552 373 1715 422 Moyon-

223 443 343 483 tiaci«
384 443 467 492 (aut
501 440 969 492 »Mogrontiacenses«)³)
1002 443 1196 491 dicuntur,
1231 443 1371 492 quibus
1403 443 1442 480 in
1463 443 1591 481 verbis
1611 444 1715 481 loca-

220 512 300 551 tivo
333 512 486 563 (graece
517 509 561 549 ἐν
592 525 624 550 c.
648 511 746 562 dat.)
779 520 846 550 aut
873 511 1068 550 adiectivo
1100 512 1177 550 loci
1205 513 1328 560 sedes,
1361 511 1428 551 ubi
1450 510 1716 551 consistebant

221 581 324 620 cives
355 580 539 627 Romani,
571 579 747 619 adicitur.

333 652 417 688 Iam
450 661 541 687 vero
573 648 678 687 cives
708 650 913 687 Romanos
945 656 1026 686 tam
1058 648 1171 686 variis
1202 648 1332 687 modis
1363 649 1587 687 nominatos
1621 663 1715 688 con-

222 717 388 756 sociatos
420 717 517 755 inter
547 730 588 756 se
626 717 744 756 fuisse
784 717 823 755 in
861 716 1020 767 singulis
1061 717 1235 767 oppidis,
1277 717 1316 754 in
1357 717 1498 766 quibus
1540 718 1715 757 habitare

222 785 486 836 significantur
516 792 631 835 atque
661 793 863 834 tamquam
897 786 1061 835 collegia
1091 784 1318 835 negotiandi
1349 796 1468 823 causa
1506 786 1716 825 constituta

221 853 408 900 effecisse,
441 853 548 891 hisce
580 866 628 891 ex
659 853 796 894 causis,
827 852 899 891 nisi
931 854 1053 899 fallor,
1086 852 1273 903 cognosci
1304 860 1444 902 potest.
1506 854 1607 891 Nam
1640 855 1714 903 pri—

222 934 330 960 mum
362 922 522 971 quidem
554 922 592 960 in
623 922 743 960 titulis
774 922 814 959 hi
844 921 1067 970 saepissime
1100 929 1307 959 occurrunt
1338 921 1536 959 coniuncti
1567 922 1715 971 aliquid

222 997 405 1040 agenteS,
452 990 679 1039 plerumque
721 989 988 1039 magistratum
1029 991 1255 1027 Romanum
1298 998 1364 1028 aut
1405 989 1510 1028 urbis
1556 990 1717 1041 aliquod

225 1071 316 1108 erga
347 1070 386 1096 se
418 1057 596 1095 meritum
627 1059 687 1095 vel
720 1065 855 1107 postea
886 1057 1157 1106 imperatorem
1190 1059 1415 1095 Romanurn
1447 1059 1597 1096 honore
1628 1071 1717 1108 pro-

225 1124 358 1166 secuti.
420 1127 527 1164 Luce
558 1124 671 1175 igitur
703 1126 842 1163 clarius
872 1132 930 1163 est
961 1137 1050 1172 eos,
1098 1125 1128 1162 si
1159 1125 1352 1163 eiusmodi
1382 1125 1518 1164 titulos
1554 1135 1717 1175 ponunt,

225 1202 338 1233 antea
376 1194 474 1232 inter
513 1206 553 1232 se
593 1194 822 1231 convenisse
863 1192 1155 1241 conciliumque
1195 1193 1245 1231 de
1285 1192 1350 1230 illa
1391 1206 1430 1231 re
1468 1193 1719 1232 deliberanda

225 1270 342 1312 atque
381 1263 654 1302 constituenda
691 1261 884 1299 habuisse.
954 1263 1046 1299 Hoc
1093 1261 1279 1299 continua
1325 1261 1509 1300 societate
1556 1264 1718 1301 eosdem

225 1343 316 1369 usos
346 1344 428 1369 esse
458 1342 596 1380 parum
628 1329 886 1367 demonstrari
919 1328 1021 1367 dicet
1058 1328 1265 1378 quispiam.
1328 1331 1381 1367 At
1412 1330 1639 1379 saepissime
1680 1331 1719 1369 in

224 1398 341 1437 titulis
371 1411 448 1438 una
479 1411 569 1437 cum
599 1397 738 1436 ordine
767 1398 993 1447 populoque
1023 1397 1103 1435 eius
1133 1397 1249 1444 urbis,
1282 1397 1319 1435 in
1342 1411 1420 1447 qua
1440 1399 1719 1447 consistebant,

226 1467 494 1515 nominantur,
536 1466 767 1515 quibuscum
800 1466 915 1503 etiam
947 1479 1011 1503 eas
1049 1479 1128 1513 res,
1171 1478 1271 1514 quae
1306 1467 1358 1504 ad
1398 1467 1575 1505 omnium
1616 1469 1721 1506 urbis

226 1536 440 1574 incolarum
482 1535 644 1573 salutem
688 1535 918 1584 spectabant
958 1546 1135 1583 quaeque
1176 1547 1368 1572 consensu
1414 1536 1589 1574 omnium
1636 1538 1721 1586 plus

226 1605 427 1650 valebant,
472 1603 689 1641 decrevisse
719 1600 980 1651 traduntur4),
1019 1610 1061 1640 ut
1091 1602 1202 1651 quasi
1240 1604 1381 1642 alterae
1411 1604 1652 1654 respublicae
1683 1605 1721 1643 in

227 1673 341 1710 rebus
372 1671 541 1721 publicis
582 1670 674 1720 ipsis
704 1670 820 1708 nobis
858 1670 975 1709 fuisse
1016 1671 1233 1708 videantur.
1297 1670 1427 1720 Quid?
1471 1673 1579 1721 quod
1619 1673 1721 1711 viros

227 1741 276 1778 ab
306 1740 390 1777 illos
422 1740 566 1777 electos
596 1751 693 1785 esse,
727 1739 792 1787 qui
825 1738 896 1776 sibi
927 1747 1161 1787 praeessent,
1195 1739 1383 1789 exemplis
1414 1741 1566 1778 firmare
1587 1753 1723 1790 possu-

227 1804 338 1846 mus?
390 1806 644 1844 Inveniuntur
673 1806 778 1844 enim
809 1813 1004 1844 curatores
1037 1807 1309 1844 Romanorum
1331 1807 1475 1845 alicubi
1507 1809 1722 1847 consisten-

346 1951 370 1994 1)
397 1950 661 1992 Dittenberger,
694 1949 861 1983 Archaol.
887 1949 964 1992 Ztg.
995 1950 1079 1984 1877
1107 1961 1139 1994 p.
1157 1953 1200 1985 38
1232 1952 1328 1995 (app.
1355 1962 1386 1985 n.
1404 1953 1454 1995 6),
1486 1952 1528 1986 D.
1555 1953 1621 1987 hoc
1647 1964 1722 1987 ver-

229 2007 327 2051 bum,
362 2007 456 2050 quod
482 2006 578 2040 nullo
605 2005 674 2039 alio
699 2005 775 2039 loco
807 2005 995 2050 invenitur,
1030 2016 1107 2040 esse
1140 2007 1322 2051 proprium
1353 2009 1525 2042 sermonis
1558 2010 1593 2042 in
1619 2010 1721 2044 Elide

229 2064 352 2098 usitati
378 2064 553 2108 opinatur.
603 2062 656 2096 Ibi
684 2062 776 2097 enim
803 2062 1015 2097 adiectivum
1044 2064 1255 2107 ἐγ-γα-ρος
1286 2074 1354 2107 quo
1386 2065 1479 2099 idem
1508 2065 1581 2099 fere
1614 2067 1722 2109 signi-

229 2119 358 2154 ficetur
383 2130 425 2154 ac
449 2120 558 2155 latine
586 2121 700 2156 verbis
730 2123 788 2154 »in
813 2121 887 2155 loco
912 2127 1099 2155 moratus«
1127 2121 1162 2155 in
1188 2132 1254 2156 usu
1280 2122 1390 2156 fuisse
1418 2123 1557 2166 conicit,
1584 2134 1627 2157 ex
1652 2135 1721 2167 quo

230 2176 373 2211 verbum
400 2177 569 2221 ἐγγαρεῑν
597 2178 703 2212 simili
728 2177 830 2212 modo
857 2177 1010 2212 derivari
1035 2178 1158 2222 possit,
1191 2189 1260 2221 quo
1287 2179 1431 2213 verbum
1459 2181 1654 2225 ἐπιδημεῖν,
1686 2181 1721 2214 in

229 2243 298 2276 quo
325 2233 447 2267 eadem
472 2233 545 2268 fere
572 2234 623 2269 vis
649 2235 744 2279 insit,
770 2245 813 2269 ex
839 2234 1013 2269 adiectivo
1040 2236 1218 2280 ἐπιίἳημος.

343 2290 374 2334 2)
399 2289 450 2323 Le
476 2289 822 2335 Bas-Waddington,
848 2291 958 2325 Inscr.
984 2290 1104 2325 d’Asie
1135 2291 1220 2325 Min.
1247 2303 1278 2326 n.
1300 2294 1395 2327 1743.
1415 2304 1436 2327 n
1461 2296 1554 2337 (app.
1582 2305 1613 2328 11.
1631 2299 1699 2337 55).

343 2346 369 2390 3)
396 2345 472 2380 CIL
497 2347 528 2381 V
554 2357 586 2381 n.
605 2348 693 2383 5747
720 2349 812 2392 (app.
840 2359 871 2381 η.
893 2349 985 2392 118),
1018 2347 1217 2382 Brambach
1244 2348 1346 2383 0th
1372 2353 1437 2384 956
1463 2352 1556 2394 (app.
1583 2362 1614 2383 n.
1637 2354 1721 2394 119),

233 2404 317 2437 1067
343 2406 437 2446 (app.
463 2414 495 2437 n.
519 2406 610 2448 120),
645 2407 731 2439 1130
756 2406 849 2449 (app.
876 2416 908 2438 n.
932 2406 1016 2449 1‘21).
1073 2405 1207 2439 Eodem
1232 2406 1334 2440 modo
1368 2407 1402 2440 in
1435 2408 1537 2441 titulo
1570 2408 1721 2450 quodam

230 2459 471 2494 Alexandrino
497 2461 660 2505 (Ephem.
687 2462 797 2505 epigr.
823 2462 856 2496 ΙΙ
882 2473 913 2496 n.
933 2465 999 2497 328
1025 2472 1112 2507 app.
1137 2474 1168 2497 n.
1191 2466 1267 2508 124)
1294 2464 1495 2498 nominatur
1523 2466 1628 2497 »civis
1650 2466 1722 2498 Ro-

231 2528 367 2551 manus
395 2516 708 2552 Carnuntiensis«.

343 2575 373 2618 4)
399 2574 441 2608 cf.
467 2574 616 2618 Ephem.
643 2576 753 2619 epigr.
780 2577 810 2610 V
838 2588 870 2621 p.
892 2580 954 2612 155
980 2579 1073 2622 (app.
1100 2589 1132 2612 n.
1152 2579 1226 2622 57);
1254 2578 1415 2619 Sterrett,
1442 2576 1575 2621 Papors
1603 2578 1641 2610 of
1661 2577 1720 2610 the

230 2631 421 2666 American
448 2630 574 2666 School
601 2632 615 2665 1
641 2644 675 2676 p.
693 2637 736 2669 55
762 2645 794 2668 n.
813 2636 856 2668 28
881 2636 975 2678 (app.
1002 2646 1034 2669 n.
1053 2638 1108 2678 63)
1136 2636 1234 2668 Caes.
1264 2634 1341 2667 bell.
1369 2634 1431 2667 civ.
1459 2634 1507 2667 Ill
1538 2636 1609 2668 102.
