1907 2905
821 130 1094 167 -01-

211 250 288 288 hoc
318 249 356 287 in
387 251 477 288 loco
507 250 669 288 condita
699 258 774 296 est,
811 249 1035 299 saepissime
1066 252 1213 291 factum
1242 266 1326 293 esse
1357 256 1485 295 multis
1515 270 1560 295 ex
1589 257 1706 296 titulis

212 319 412 369 perlucide
443 326 614 368 apparet.

327 387 404 425 Sed
447 387 499 425 ad
542 388 635 434 hos,
681 395 723 425 ut
767 387 1005 438 significavi⁷
1052 389 1146 426 novi
1190 390 1428 430 habitatores
1483 393 1522 430 in
1564 400 1706 431 terram

212 462 476 501 accesserunt,
519 463 732 494 aratores
772 455 994 500 Romani,
1038 457 1105 505 qui
1145 470 1279 507 agrurn
1319 459 1541 507 publicum.
1584 460 1649 509 qui
1685 473 1707 497 a

213 524 439 561 censoribus
481 525 635 562 Romae
675 524 826 562 civibus
865 523 1123 574 Iocabatur¹)‚
1164 527 1443 565 conduxerant.
1509 528 1588 576 Qui
1627 530 1707 566 Ro-

213 589 319 629 mani
371 592 470 629 inter
521 592 605 630 illos
651 592 874 642 peregrinos
919 593 1147 642 Campanos
1193 595 1448 633 consistentes
1495 596 1707 644 superiores

211 666 338 709 partes
370 661 566 709 tenebant,
598 672 676 709 qua
705 673 746 698 re
776 660 860 709 ipsa
891 660 1144 709 efficiebatur,
1177 669 1219 700 ut
1249 661 1322 711 ipsi
1353 674 1510 712 quoque
1541 676 1581 701 se
1612 676 1705 701 con-

213 727 426 775 sociarent‚
459 736 501 766 ut
531 728 832 777 rempublicam,
875 741 975 777 quae
1007 730 1165 777 aberat,
1208 729 1392 768 societate
1422 731 1573 780 privata
1602 744 1706 769 com-

211 802 426 844 pensarent.
491 795 555 834 Sic
585 803 698 833 natus
730 803 787 833 est
818 796 978 844 Capuae
1017 796 1079 834 ille
1117 804 1333 835 conventus
1375 806 1571 836 aratorum
1603 808 1704 837 cete-

211 874 420 912 rorumque
456 863 600 901 civium
630 865 924 911 Romanorum,
966 864 1034 913 qui
1070 864 1270 903 domicilia
1308 865 1348 903 in
1385 866 1574 904 aedificiis
1613 868 1706 915 loci,

210 942 311 979 quae
341 944 427 968 earn
458 932 510 969 ob
541 943 698 969 causam
729 944 809 969 non
841 939 947 969 erant
977 932 1113 979 deleta,
1147 931 1450 982 collocabant2).
1515 936 1592 973 Sed
1623 948 1703 974 non

210 999 333 1037 modo
364 1007 545 1045 aratores,
578 998 643 1048 qui
664 1012 777 1049 agros
799 1001 1078 1047 conduxerant,
1111 1001 1151 1038 in
1172 1014 1220 1039 eo
1242 1003 1459 1049 exstabant,
1492 1003 1562 1041 sed
1585 1003 1700 1041 etiam

210 1066 235 1104 ii
268 1067 457 1111 Romani,
501 1067 568 1116 qui
608 1080 720 1117 agros
761 1067 814 1105 ibi
845 1076 1040 1114 emerant,
1083 1069 1175 1117 quia
1205 1077 1362 1108 senatus
1403 1082 1700 1120 nonnumquam

210 1134 342 1184 inopia
372 1134 625 1184 pecuniarum
656 1142 816 1173 coactus
846 1143 927 1173 erat
957 1144 1087 1185 partes
1117 1137 1199 1186 agri
1220 1137 1367 1187 publici
1389 1150 1531 1176 venum
1554 1136 1700 1185 dare-⁹²).

211 1202 530 1252 Frequentissimi
560 1202 674 1253 igitur
704 1203 896 1250 Romani,
939 1204 1133 1243 fertilitate
1162 1218 1343 1255 agrorum
1386 1208 1584 1256 perducti,
1619 1208 1708 1246 illuc

211 1278 474 1309 convenerant
503 1282 718 1320 eorumque
748 1280 965 1310 conventus
993 1273 1188 1311 maximus
1219 1274 1336 1312 fuisse
1357 1275 1519 1313 videtur.
1571 1278 1708 1324 Itaque

211 1339 260 1376 de
290 1339 349 1376 his
379 1338 683 1384 habitatoribus,
727 1352 836 1384 cum,
880 1348 921 1378 ut
959 1341 1115 1379 colonia
1156 1354 1201 1379 eo
1239 1343 1516 1390 deduceretur,
1557 1344 1706 1394 rogatio

210 1407 288 1444 lata
317 1414 430 1452 esset,
464 1407 603 1445 Cicero
635 1407 767 1445 dicere
797 1407 940 1456 potuit:
997 1406 1154 1447 »Totus
1173 1438 1297 1447 .....
1332 1423 1432 1460 ayer
1467 1408 1706 1464 Campanus

215 1471 366 1512 colitur
398 1479 435 1511 et
454 1471 698 1526 possidetur
720 1488 745 1511 a
762 1472 881 1526 plebe
903 1482 939 1513 et
960 1474 1122 1528 aplebe
1144 1476 1302 1530 optima
1325 1484 1362 1516 et
1383 1476 1704 1525 modestissima,

215 1539 327 1595 quod
354 1556 483 1595 yenus
514 1540 719 1582 hominum
751 1543 904 1597 optime
932 1553 1139 1584 moratum
1161 1545 1410 1598 optimorum
1432 1553 1467 1584 et
1489 1555 1706 1586 aratorum

211 1615 246 1647 et
275 1608 449 1649 militum
483 1610 534 1649 ab
565 1609 638 1651 hoc
665 1610 872 1665 plebicola
911 1613 1009 1662 (scil.
1049 1628 1072 1652 a
1101 1615 1214 1653 novis
1245 1616 1395 1654 colonis
1426 1629 1471 1655 ex
1501 1618 1614 1667 plebe
1644 1629 1706 1655 ur—

209 1680 312 1718 bana
343 1680 522 1730 sumptis)
542 1710 660 1721 .....
686 1678 890 1734 funditus
924 1681 1096 1720 eicitur«
1109 1682 1153 1733 4),

324 1750 459 1797 Usque
490 1749 602 1798 igitur
632 1750 684 1787 ad
715 1751 857 1788 bellum
892 1751 1106 1789 Marsicum
1147 1753 1285 1789 horum
1319 1762 1535 1792 conventus
1566 1755 1705 1793 eodem

210 1816 332 1854 modo
364 1816 596 1854 constitutus
636 1825 693 1855 est
729 1831 777 1856 ac
817 1819 932 1856 ceteri
969 1819 1007 1856 in
1047 1819 1256 1869 provinciis
1296 1821 1421 1870 iisque
1460 1822 1705 1871 potissimum

211 1883 450 1922 Occidentis.
503 1886 604 1922 Nam
638 1885 804 1934 primum
837 1886 996 1935 quidem
1029 1887 1124 1925 inter
1156 1888 1379 1938 peregrinos
1411 1889 1463 1928 ibi
1495 1890 1597 1928 cives
1626 1892 1706 1928 Ro-

211 1952 316 1990 mani
348 1952 506 1991 meliore
545 1953 624 1992 iure
655 1955 863 2004 multisque
901 1957 1123 1995 commodis
1154 1957 1211 1995 usi
1244 1957 1525 2005 consistebant,
1565 1959 1706 1997 deinde

326 2122 351 2164 ¹)
375 2120 451 2155 Liv.
478 2124 531 2156 27.
560 2125 611 2156 11.
637 2125 667 2156 8.

323 2178 350 2222 2)
377 2179 447 2214 Cic.
481 2179 524 2213 de
556 2180 634 2223 lege
666 2181 818 2223 agraria.
852 2181 884 2214 II
915 2184 969 2216 32.
1001 2185 1059 2216 88:
1116 2183 1267 2228 »Itaque
1298 2184 1361 2218 hoc
1391 2185 1633 2228 perscriptum
1667 2185 1700 2216 in

210 2237 454 2269 monumentis
478 2237 654 2271 veteribus
686 2239 890 2282 reperietis,
924 2245 961 2271 eet
994 2245 1081 2272 esset
1113 2240 1217 2278 urbs,
1250 2253 1346 2285 quae
1375 2253 1432 2274 res
1463 2252 1541 2278 εαε,
1573 2241 1703 2285 quibus

210 2304 299 2337 aye‘t·
328 2292 547 2338 Campanus
572 2294 763 2333 coleretur,
797 2296 1040 2340 suppeditare
1061 2302 1202 2340 posset,
1237 2303 1276 2330 ut
1303 2304 1388 2331 esset
1420 2298 1518 2331 locus
1543 2308 1703 2341 compor-

211 2349 338 2383 tandis
365 2349 635 2394 condendisque
654 2352 848 2394 fructibus,
878 2358 915 2385 nc
941 2358 1110 2386 aratores
1135 2353 1231 2386 cultu
1262 2366 1438 2399 aqi-orum
1457 2354 1587 2397 defessi
1607 2353 1704 2386 urbis

210 2406 402 2440 domiciliis
427 2413 625 2446 uterentur,
651 2408 785 2442 idcirco
817 2409 882 2443 z'lla
910 2410 1080 2453 aedificia
1107 2422 1180 2444 non
1207 2422 1278 2445 esse
1304 2411 1455 2444 deleta«.

323 2462 351 2505 3)
375 2461 449 2496 Liv.
476 2466 529 2498 28.
555 2466 616 2507 463
642 2468 695 2499 32.
723 2468 752 2500 7.
778 2469 809 2501 3.
854 2467 1004 2510 saepius·
1031 2467 1216 2506 accidebat
1243 2468 1358 2510 etiam,
1387 2473 1423 2500 ut
1447 2473 1615 2504 aratore&
1642 2467 1700 2508 qui

210 2528 315 2562 agros
341 2524 477 2553 tantum
504 2521 766 2566 conduxerant,
801 2533 1025 2565 possessores
1059 2534 1094 2556 se
1127 2523 1268 2557 ferrent.
1311 2524 1352 2557 cf.
1380 2523 1454 2556 Liv.
1481 2527 1532 2556 41.
1561 2525 1612 2557 27.
1644 2526 1699 2556 10:

208 2579 262 2611 42.
285 2579 334 2612 19.
367 2577 478 2612 Cicer.
496 2577 538 2611 de
556 2578 633 2622 lege
652 2580 802 2623 agraria.
822 2580 925 2615 1129.
944 2584 1004 2622 813
1022 2584 1074 2615 30.
1096 2583 1155 2622 823
1184 2580 1355 2614 Liciniam.
1384 2591 1414 2622 p.
1443 2583 1480 2612 15
1509 2579 1561 2612 od.
1589 2578 1698 2613 Bonn.

322 2636 349 2681 4)
375 2633 445 2669 Cic.
473 2635 514 2669 de
540 2635 605 2678 leg.
633 2646 705 2680 agr.
732 2637 765 2670 II
791 2640 844 2672 30.
874 2640 927 2672 84.

1391 2695 1433 2725 4st
