1907 2905
765 114 1041 153 ..33-

157 238 270 278 Lisso
302 239 403 287 vide,
441 250 542 289 quae
570 250 651 276 non
682 238 806 276 multo
842 243 956 274 antea
991 234 1243 285 exposuimus
1258 232 1300 283 ¹).
1362 236 1491 284 Quid?
1552 238 1648 276 Cor-

159 307 288 346 dubae
318 313 567 350 conventum,
599 305 666 355 qui
702 316 816 357 »per
847 316 924 343 se«
960 311 1091 354 portas
1118 302 1193 341 vici
1213 304 1381 341 Varroni
1404 304 1551 352 clausit,
1582 312 1649 342 aut

159 375 270 414 illum
301 374 577 424 Hispalensem
607 372 716 411 aliter
746 372 976 412 constitutos
1007 385 1091 410 esse
1121 383 1215 409 num
1246 368 1493 421 putabimus?

274 443 413 491 Itaque
452 441 492 479 in
532 440 585 479 eis
616 440 863 491 potissimum
903 438 1113 490 provinciis
1146 439 1395 487 Occidentis,
1437 450 1537 487 quae
1572 440 1649 477 iam

160 517 285 548 aetate
314 510 457 548 liberae
486 508 723 559 reipublicae
743 509 860 547 armis
881 516 1094 558 posteaque
1117 509 1221 546 cultu
1243 510 1514 546 Romanorum
1537 519 1652 545 occu-

159 585 274 628 patae
304 585 431 627 erant,
463 577 531 616 ubi
561 577 729 615 victores
760 578 886 624 urbes,
919 584 959 614 ut
990 576 1027 614 in
1059 576 1171 614 Italia
1201 583 1318 625 atque
1350 575 1516 614 Graecia
1555 582 1651 613 toto-

160 657 237 696 que
259 646 428 694 Oriente,
460 646 631 685 condere
661 645 999 684 vehementissime
1030 645 1254 692 studebant,
1285 644 1364 682 hoe
1384 644 1506 682 modo
1533 643 1652 681 socie-

160 721 282 753 tatum
313 714 392 753 duo
422 727 574 765 genera,
603 716 763 753 alterum
795 727 819 752 a
851 721 1038 760 curatore,
1069 715 1232 752 alterum
1263 726 1286 750 a
1308 711 1500 763 magistris
1531 711 1654 749 admi-

160 783 364 821 nistratum
396 795 437 821 se
466 782 662 833 excepisse
689 783 880 822 videntur.
931 783 1052 820 Aliter
1073 789 1202 819 autem
1233 794 1293 819 res
1324 793 1364 819 se
1385 781 1585 818 habebant
1613 780 1654 817 in

161 851 282 890 tribus
304 851 519 890 Galliarum
550 851 775 901 provinciis,
809 863 909 901 quae
939 863 962 888 a
983 850 1150 889 Caesare
1181 850 1220 887 in
1250 856 1485 899 potestatem
1506 850 1654 886 Roma-

161 932 253 958 nam
284 920 468 959 redactae
497 927 615 960 erant.
677 920 816 969 Neque
846 920 950 957 enim
982 919 1055 964 ibi,
1088 918 1178 968 quia
1208 919 1316 957 vicos
1347 929 1547 969 pagosque
1578 918 1654 954 sin·

161 989 338 1038 gularum
367 987 540 1038 gentium
571 987 829 1037 permansisse
859 999 985 1036 neque
1016 987 1124 1025 vicos
1157 987 1341 1037 singulos,
1380 986 1448 1025 sed
1480 985 1654 1024 civitates

164 1056 337 1095 Gallicas
376 1056 660 1105 rempublicam
701 1067 818 1094 unam
861 1055 1033 1094 effecisse
1074 1056 1172 1094 inter
1211 1069 1348 1094 omnes
1388 1062 1560 1101 constat,
1611 1067 1656 1092 ex

164 1123 420 1162 conventibus
451 1123 595 1162 civium
617 1125 889 1163 Romanorum
920 1124 1022 1162 intra
1051 1125 1146 1162 fines
1169 1123 1351 1172 civitatis,
1384 1130 1427 1161 ut
1448 1122 1540 1161 mihi
1572 1122 1655 1171 qui-

164 1193 254 1231 dem
285 1191 491 1230 verisimile
520 1204 604 1230 esse
634 1193 817 1242 exemplo
849 1199 1063 1230 conventus
1091 1191 1286 1231 Helvetici
1316 1192 1532 1241 videbatur,
1565 1203 1656 1229 con-

164 1260 253 1299 ditis
286 1260 434 1310 oppida
465 1261 524 1298 vel
555 1260 682 1308 vicos,
715 1260 859 1309 quibus
897 1260 1071 1310 magistri
1102 1261 1181 1299 duo
1212 1260 1424 1310 praepositi
1454 1266 1560 1307 sunt,
1593 1272 1657 1296 ex-

165 1328 255 1367 oriri
285 1327 459 1378 potuisse
488 1328 732 1378 intellegitur.
786 1330 914 1366 Immo
937 1341 1028 1366 vero
1059 1328 1146 1366 illos
1169 1338 1384 1367 conventus
1407 1329 1551 1367 diutius
1573 1340 1657 1378 per-

164 1396 353 1434 mansisse
372 1408 396 1434 a
416 1395 656 1434 curatoribus
677 1402 805 1434 rectos
826 1396 1024 1434 nonnullis
1045 1395 1164 1435 titulis
1180 1396 1329 1447 gallicis
1346 1392 1652 1445 confirmatur2).

165 1467 303 1514 Itaque
332 1463 366 1502 ei
396 1471 632 1514 conventus,
674 1464 741 1513 qui
771 1464 853 1502 aliis
884 1463 923 1502 in
954 1464 1167 1514 provinciis
1199 1464 1428 1503 Occidentis
1467 1477 1548 1503 non
1590 1477 1657 1514 per

164 1534 324 1583 longum
355 1532 544 1583 temporis
575 1531 742 1583 spatium
775 1533 945 1580 stabant,
985 1533 1053 1570 sed
1084 1533 1201 1582 paulo
1232 1540 1321 1582 post
1358 1533 1397 1571 in
1427 1533 1574 1583 oppida
1606 1532 1658 1570 ci-

165 1602 272 1640 vium
302 1602 575 1640 Romanorum
614 1601 977 1648 commutabantur,
1015 1600 1055 1638 in
1091 1600 1212 1639 tribus
1245 1601 1380 1640 Galliis
1418 1601 1555 1652 integri
1586 1602 1657 1639 du-

165 1671 317 1710 rabant.

281 1738 359 1777 Sed
396 1745 547 1788 praeter
583 1738 656 1775 hos
694 1750 765 1787 per
800 1739 894 1776 fines
935 1737 1136 1776 civitatum
1178 1746 1393 1777 conventus
1433 1752 1480 1777 ex
1519 1752 1565 1777 ea
1603 1752 1655 1789 re,

166 1807 274 1857 quod
306 1808 505 1856 Augustus
537 1818 557 1844 e
587 1805 752 1844 consilio
783 1806 960 1844 Caesaris
990 1805 1208 1854 dictatoris,
1246 1813 1288 1844 ut
1318 1808 1542 1846 Mommsen
1578 1807 1659 1857 qui-

167 1875 258 1914 dem
289 1872 514 1924 coniecit³)‚
553 1874 775 1924 provincias
804 1873 962 1925 gallicas
1003 1882 1084 1913 tam
1123 1874 1274 1914 diverse
1312 1877 1363 1914 ab
1404 1876 1513 1914 omni
1553 1889 1660 1915 more

282 2022 308 2064 1)
333 2019 488 2063 Augusti
505 2019 724 2064 temporibus
740 2019 865 2054 Lissus
894 2020 1095 2065 »oppidum
1120 2021 1251 2054 civium
1270 2021 1552 2055 Romanorum«
1581 2026 1658 2056 erat

168 2077 211 2112 cf.
237 2077 327 2112 Plin.
353 2077 397 2111 H.
423 2077 466 2112 N.
492 2077 544 2111 III
572 2080 646 2112 144.

281 2134 310 2178 2)
333 2134 454 2169 Revue
479 2135 589 2179 epigr.
616 2133 662 2168 du
687 2134 771 2168 midi
790 2133 885 2168 dela
902 2133 1039 2169 France
1065 2134 1082 2168 Ι
1098 2137 1119 2170 3
1145 2136 1260 2179 (1878)
1286 2146 1319 2169 n.
1337 2138 1390 2171 54.
1411 2138 1465 2171 55.
1482 2138 1536 2170 56.
1563 2137 1657 2179 (app.

168 2201 199 2227 n.
221 2194 420 2235 102—104).
445 2191 480 2225 Π
504 2202 537 2226 n.
555 2195 599 2226 54
622 2193 737 2236 (1889)
764 2202 795 2225 n.
814 2194 881 2226 780
906 2192 1000 2235 (app.
1024 2202 1056 2225 n.
1078 2194 1153 2234 105)
1179 2192 1256 2227 120
1281 2194 1395 2236 (1882)
1421 2203 1452 2226 n.
1471 2196 1538 2228 333
1563 2195 1656 2236 (app.

169 2259 202 2282 n.
223 2250 309 2292 106).
356 2248 576 2292 Quamquam
602 2249 694 2283 enim
719 2249 755 2282 in
780 2248 836 2283 his
861 2248 986 2293 titulis,
1013 2248 1073 2283 ubi
1098 2249 1192 2284 cives
1217 2249 1378 2294 Romani,
1405 2250 1533 2293 quibus
1560 2260 1659 2283 enra-

169 2309 264 2340 tores
295 2305 331 2339 in
363 2306 414 2340 eis
445 2306 709 2340 commemorati
741 2312 948 2350 praeerant,
981 2306 1221 2351 constiterint,
1254 2307 1384 2341 diserte
1416 2317 1485 2340 non
1518 2306 1657 2348 dieitur,

169 2366 298 2406 tamen,
317 2362 402 2406 quia
418 2362 556 2407 lapides
574 2363 609 2397 in
629 2362 776 2397 urbibus
794 2362 1109 2399 Franco-Galliae:
1129 2363 1350 2409 Pe'riyueuoe,
1368 2364 1522 2401 Saintes,
1542 2362 1658 2400 ΛιισΙι,

169 2418 303 2462 reperti
329 2424 421 2463 sunt,
446 2419 518 2454 illis
544 2419 672 2464 causis,
700 2429 788 2463 quas
814 2419 884 2453 iam
910 2419 1025 2464 attuli,
1051 2419 1095 2454 ad
1115 2420 1278 2455 civitates
1297 2420 1461 2463 gallicas:
1492 2419 1657 2452 Petroco-

169 2474 253 2518 rioS,
280 2474 465 2519 Santones,
491 2476 643 2510 Auscios
668 2475 873 2510 referendos
898 2486 975 2510 esse
993 2475 1233 2511 Romanorum
1258 2480 1450 2510 conventus
1476 2474 1593 2508 nescio
1612 2484 1656 2507 an

170 2531 438 2575 proponendum
462 2532 635 2567 videatur.
690 2533 780 2567 Vide
807 2533 914 2568 etiam
939 2533 1062 2569 titulos
1088 2533 1302 2577 Henetiam,
1328 2541 1415 2575 quos
1440 2531 1509 2564 iam
1536 2530 1658 2564 lauda-

170 2587 292 2622 vimus.

283 2633 310 2677 3)
334 2632 540 2677 Mommsen,
566 2633 631 2668 RG
657 2634 687 2667 V
713 2644 745 2678 p.
764 2636 817 2669 84.

239 2695 384 2721 Berliner
403 2695 545 2722 Studien.
584 2697 666 2723 X1v.
706 2697 727 2723 1.
1368 2691 1389 2722 3
