1928 2884
783 122 1062 183 450„-

289 269 366 307 Sed
397 268 623 319 priusquam
656 266 825 318 singulas
865 267 1087 318 provincias
1127 278 1400 317 peragramus,
1439 274 1481 305 ut
1519 264 1676 304 investi-

170 349 324 388 gemus,
365 336 507 386 quibus
538 335 576 374 in
608 335 831 375 civitatibus
862 336 996 374 adhuc
1032 335 1177 373 civium
1210 338 1482 374 Romanorum
1514 346 1677 384 congre-

170 406 348 456 gationes
378 405 643 444 monumentis
676 405 991 456 cognoverimuS,
1024 405 1194 454 primurn
1225 416 1350 454 pauca
1372 403 1486 442 nobis
1509 402 1677 441 dicenda

172 486 256 512 esse
287 473 467 511 videntur
497 473 546 511 de
577 485 656 511 uno
687 480 885 511 conventu
921 472 1063 510 civium
1102 474 1375 510 Romanorum
1404 471 1506 509 intra
1542 470 1677 509 Italiae

169 543 265 580 fines
297 543 518 581 collocato:
567 542 617 580 de
648 549 887 579 conventu
919 539 1172 590 Capuae¹),
1215 540 1282 589 qui
1319 539 1358 577 in
1389 551 1552 577 numero
1582 538 1677 577 anti-

170 610 447 660 quissimarum
479 610 673 648 eiusmodi
705 609 936 647 societatum
969 609 1174 647 habendus
1213 616 1282 647 est.
1344 610 1448 646 Nam
1481 608 1673 657 Capuam,

169 685 272 716 cum·
291 679 345 716 ad
367 677 635 716 Hannibalem
668 679 772 716 bello
795 677 945 716 Punico
977 678 1151 715 secundo
1173 677 1392 723 defecisset,
1426 688 1556 714 rursus
1581 688 1674 725 cap-

169 754 249 784 tam
292 759 396 784 anno
438 747 620 791 543s211
670 745 922 783 acerbissime
966 745 1165 795 punivisse
1205 745 1373 783 victores
1416 751 1557 782 notum
1601 751 1671 784 est.

169 814 273 852 Nam
304 821 590 864 praeterquam,
632 814 744 862 quod
774 813 902 851 necati
942 820 1030 851 sunt
1070 813 1190 850 duces
1230 812 1474 855 rebellionis,
1517 820 1674 850 senatus

169 881 362 929 decrevit,
393 895 443 920 ne
474 883 612 931 Capua
642 883 692 919 ab
723 881 787 919 illa
817 889 942 919 aetate
972 889 1072 919 esset
1111 880 1368 930 municipium
1412 880 1677 930 omnibusque

168 951 459 1002 magistratibus
490 957 608 999 atque
638 957 776 988 senatu
814 950 987 988 nudatus
1028 957 1132 988 totus
1174 962 1265 999 ager
1296 950 1525 999 Campanus
1564 950 1674 991 fieret

167 1021 303 1070 populi
334 1015 562 1068 Romani2).
628 1019 756 1057 Huius
787 1027 919 1057 autem
951 1018 1138 1069 regionis,
1180 1029 1300 1068 quarn
1331 1030 1411 1055 non
1445 1019 1566 1056 modo
1598 1019 1673 1055 Ita-

168 1088 262 1136 liae,
302 1089 371 1127 sed
411 1088 526 1126 etiam
558 1088 664 1127 orbis
696 1088 814 1126 totius
845 1098 1034 1126 terrarum
1066 1087 1184 1125 fuisse
1221 1086 1500 1125 fertilissimam
1533 1085 1673 1124 Cicero

169 1157 331 1203 iudicat,
364 1156 514 1194 incolas
547 1155 703 1194 civitate
732 1157 927 1204 Romana,
960 1167 1079 1204 quam
1113 1154 1195 1193 sine
1226 1154 1308 1193 iure
1339 1153 1508 1205 suffragii
1540 1166 1676 1204 posse-

169 1227 318 1273 derant,
351 1225 495 1263 amissa
524 1224 690 1263 idoneos
721 1237 803 1263 non
824 1237 906 1262 esse
928 1224 1085 1274 placuit,
1119 1223 1185 1273 qui
1207 1235 1396 1272 umquam
1419 1234 1550 1261 rursus
1571 1222 1676 1261 cives

169 1294 342 1333 Romani
373 1301 439 1331 aut
469 1294 567 1332 socii
598 1293 770 1332 nominis
794 1294 923 1332 Latini
955 1295 1102 1339 fierent,
1136 1300 1178 1330 ut
1200 1292 1296 1330 nihil
1318 1291 1425 1329 aliud
1457 1303 1525 1330 eos
1556 1290 1676 1328 fuisse

169 1376 218 1401 ac
248 1363 471 1412 peregrinos
503 1362 710 1402 dediticios
723 1359 755 1411 3)
796 1375 913 1401 nemo
955 1362 1159 1412 ignoraret.
1223 1360 1300 1399 Sed
1340 1360 1380 1398 in
1411 1360 1470 1398 his
1503 1372 1582 1398 non
1613 1372 1678 1397 ac-

170 1430 401 1480 quieverunt
434 1429 519 1467 duri
551 1430 732 1475 victores,
766 1441 933 1478 quorum
964 1429 1146 1467 intererat
1167 1430 1270 1467 hanc
1292 1428 1607 1478 potentissimam
1638 1426 1677 1465 in

170 1499 284 1536 Italia
303 1499 502 1535 aemulam
533 1497 705 1535 funditus
735 1497 940 1547 exstingui.
992 1499 1128 1547 Itaque
1150 1496 1362 1534 maximam
1386 1495 1676 1534 multitudinem

171 1566 418 1605 devictorum
451 1579 472 1603 e
493 1565 617 1615 patria
645 1567 849 1615 expulsam
870 1567 1012 1614 partim
1047 1574 1151 1603 trans
1173 1564 1364 1612 Tiberim,
1398 1564 1540 1615 partim
1571 1572 1676 1602 trans

171 1635 306 1682 Lirim,
339 1642 405 1672 aut
435 1635 672 1672 Volturnum
704 1635 967 1673 deduxerunt·

962 1668 969 1683 ³

1008 1646 1168 1683 paucos,
1203 1647 1346 1684 magna
1377 1646 1425 1671 ex
1457 1640 1565 1683 parte
1596 1631 1680 1682 opi-

171 1706 263 1743 fices
295 1715 587 1754 cauponesque,
622 1703 732 1741 domi
763 1703 1017 1753 reliquerunt,
1052 1711 1092 1741 ut
1122 1703 1340 1741 aratoribus
1374 1701 1580 1751 Romanis,
1612 1711 1679 1750 qui

170 1773 209 1811 in
249 1785 385 1823 agrum
424 1772 656 1819 veniebant,
704 1786 763 1811 res
804 1773 854 1811 ad
897 1773 1111 1811 vivendum
1157 1772 1393 1810 necessarias
1438 1772 1678 1821 praeberent.

172 1844 251 1880 Eos
290 1841 434 1879 licebat
475 1840 594 1878 vitam
640 1841 782 1891 degere
819 1840 917 1879 inter
955 1854 995 1878 se
1035 1840 1266 1878 coniunctos
1307 1839 1479 1890 collegiis
1518 1839 1680 1889 privatis

173 1910 276 1948 circa
315 1911 461 1959 templa
502 1909 667 1947 deorum
706 1908 930 1951 collocatis,
969 1916 1035 1946 aut
1073 1908 1113 1946 in
1153 1908 1262 1958 pagis
1304 1908 1499 1957 vicisque,
1539 1907 1681 1956 quibus

172 1977 346 2028 magistri
376 1986 590 2027 praeerant,
624 1978 733 2026 quod
765 1989 832 2027 per
865 1977 971 2014 illam
994 1984 1174 2024 aetatem,
1209 1978 1337 2014 donec
1369 1988 1498 2014 rursus
1520 1974 1679 2013 colonia

289 2159 313 2199 ¹)
341 2156 412 2191 Cic.
438 2167 502 2200 pro
531 2156 646 2191 Sestio
663 2156 714 2190 IV
731 2159 763 2192 9.

286 2214 314 2253 2)
339 2213 415 2247 Liv.
440 2216 494 2249 26.
524 2216 574 2249 16.
599 2217 660 2257 34;
686 2217 740 2249 31.
765 2217 819 2249 29.
868 2215 939 2249 Cic.
966 2215 1008 2248 de
1035 2214 1102 2257 leg.
1129 2223 1203 2256 agr.
1229 2212 1264 2246 II
1289 2214 1342 2246 29.
1368 2214 1430 2255 813
1457 2212 1509 2245 30.
1537 2212 1598 2254 82;
1625 2213 1680 2245 32.

173 2274 228 2306 86.
255 2273 314 2314 88;
341 2273 395 2306 33.
421 2273 475 2306 89.
501 2271 516 2303 Ι
542 2273 571 2305 6.
601 2273 651 2305 19.
693 2270 879 2304 »Maiores
905 2272 1023 2305 nostri
1052 2269 1187 2315 Capua
1212 2269 1471 2313 mayistratus,
1498 2272 1678 2306 senatum,

175 2328 368 2363 consilium
401 2339 605 2365 commune,
643 2328 767 2361 omnia
801 2328 958 2372 denique
990 2328 1155 2371 insiym'a
1189 2325 1413 2370 reipublicae
1454 2325 1680 2358 sustulerunt

175 2397 289 2429 neque
314 2385 422 2418 aliud
446 2384 654 2429 quidquam
680 2385 719 2417 ¹in
745 2384 832 2417 urbe
858 2385 930 2417 nisi
954 2384 1067 2416 inane
1092 2394 1223 2416 nomen
1247 2382 1406 2427 Capuae
1422 2382 1679 2426 reliquerunt«.

287 2443 316 2486 3)
342 2441 404 2476 sed
430 2451 521 2476 anno
546 2443 697 2483 565s189
723 2440 906 2475 decretum
932 2446 997 2484 est,
1023 2445 1062 2474 ut
1088 2439 1261 2483 Campani
1287 2449 1411 2472 rursus
1439 2437 1573 2472 Romae
1600 2449 1680 2473 cen-

175 2504 348 2543 serentur,
374 2498 577 2542 insequenti
603 2508 706 2541 anno,
743 2503 801 2531 »ut
827 2498 895 2531 sibe·
920 2499 1011 2531 cives
1037 2498 1240 2531 Romanas
1275 2496 1405 2529 elucere
1439 2507 1568 2530 uxores
1600 2496 1679 2530 lice-

173 2564 246 2591 ret«
275 2556 331 2600 (cf.
357 2555 434 2590 Liv.
459 2558 511 2590 38.
538 2558 591 2590 28.
618 2558 655 2599 3;
680 2557 734 2591 36.
761 2557 810 2599 5),
845 2565 914 2598 quo
947 2565 993 2588 ex
1028 2559 1187 2597 tempore
1222 2558 1404 2596 tamquam
1437 2553 1493 2587 ius
1525 2553 1681 2587 civitatis

175 2614 251 2650 sine
282 2614 359 2648 iure
391 2612 553 2656 suffragii
582 2612 711 2647 iterum
742 2622 802 2647 eos
835 2613 1017 2656 accepisse
1043 2611 1240 2646 Mommsen
1272 2610 1455 2655 exposuit,
1491 2609 1539 2644 St.
1554 2609 1595 2644 R.
1622 2609 1677 2644 ΠΙ

175 2684 208 2719 p.
230 2675 289 2708 141
319 2677 354 2707 et
378 2682 410 2716 p.
430 2673 493 2706 581
522 2670 602 2705 adn.
620 2673 651 2705 4.

1904 2086 1928 2150 ai

1906 2147 1928 2221 {i

1900 2222 1928 2261 ,ῇὶ
