1907 2905
758 137 1034 176 -61-

148 258 330 297 Mercurii
358 271 518 309 graecos
548 258 727 297 homines
757 271 806 296 ex
844 258 980 297 Italiae
1019 259 1177 298 urbibus
1216 261 1403 301 oriundos
1445 265 1494 302 ab
1533 277 1638 303 anno

148 327 225 365 sere
257 327 336 366 100
366 339 400 363 a.
435 326 525 365 Chr.
558 324 641 375 n.¹)
674 326 747 364 sibi
777 326 991 365 adscivisse
1021 334 1136 376 atque
1172 341 1306 367 eorum
1338 332 1459 380 gratia
1490 332 1635 381 Apolli-

150 394 209 432 nis
239 401 277 432 et
307 390 520 443 Neptuni2)
563 393 808 442 aliorumque
845 394 1006 432 deorum
1046 394 1318 444 graecorum3)
1361 399 1485 436 cultus
1525 399 1639 437 addi-

149 459 251 498 disse
289 471 575 510 numerumque
615 459 890 510 magistrorum
930 461 1171 510 duplicasse,
1210 462 1306 500 inter
1346 475 1445 512 quos
1478 465 1638 503 Graecis

148 528 403 577 municipales
434 539 524 566 suos
556 540 686 565 creare
716 528 868 568 licebat.
931 528 1008 565 Sed
1039 528 1164 566 Italici
1195 541 1346 579 semper
1383 531 1552 580 primum
1582 535 1641 571 lo-

148 607 239 635 cum
268 595 307 633 in
338 596 500 646 collegio
532 596 792 635 obtinuerunt.
854 597 958 633 Nam
990 597 1144 634 duobus
1181 598 1221 634 in
1251 597 1390 645 titulis,
1429 612 1528 649 quos
1559 614 1641 639 rna-

147 664 253 714 gistri
274 663 467 711 Mercurii,
490 664 695 714 Apollinis,
720 664 893 713 Neptuni
914 664 1110 703 coniuncti
1133 673 1356 715 posuerunt,
1378 675 1526 716 praeter
1547 669 1641 708 deos

148 732 221 782 ipsi
249 731 544 783 honorantur4).
607 735 737 782 Atque
767 733 884 770 etiam
915 734 1140 771 Romanam
1179 735 1326 772 cultum
1356 736 1500 774 Larum
1533 751 1639 777 com—

147 799 323 849 pitalium
354 800 395 838 in
425 801 588 851 collegio
620 801 875 840 instituebant
887 799 933 851 ⁵).

262 870 353 906 Hac
382 869 497 920 igitur
527 869 566 907 in
597 870 740 918 insula,
779 870 818 908 in
850 881 928 920 qua
958 882 1095 908 omnes
1133 871 1211 908 fere
1241 870 1358 909 totius
1391 872 1493 911 orbis
1524 882 1641 913 terra-

149 948 235 974 rum
265 944 398 986 gentes
428 948 507 975 una
536 938 741 988 vivebant,
783 938 860 975 iam
891 944 981 975 ante
1011 938 1154 975 bellum
1187 938 1332 976 sociale
1361 939 1518 978 Italicos
1551 954 1640 980 cum

151 1005 314 1044 Graecis
351 1005 489 1044 Italiae
529 1005 717 1045 inferioris
758 1019 799 1045 se
843 1004 1090 1044 coniunxisse
1135 1006 1376 1055 deorumque
1412 1021 1639 1058 graecorum

149 1075 297 1111 cultum
329 1072 526 1123 accepisse
556 1073 752 1117 videmus,
793 1082 836 1112 ut
871 1074 966 1112 illud
995 1075 1256 1117 Mommseni,
1298 1088 1376 1124 quo
1417 1077 1535 1115 docet
1575 1091 1640 1116 eos

150 1141 319 1192 primurn
358 1142 457 1181 inter
496 1150 646 1181 exteros
686 1142 804 1181 totius
844 1143 980 1181 Italiae
1018 1142 1166 1180 incolas
1213 1143 1251 1180 in
1293 1155 1412 1181 unum
1451 1147 1639 1195 populum

149 1211 354 1260 coaluisse,
387 1210 418 1248 si
447 1210 605 1249 ultimos
635 1218 725 1249 ante
756 1212 902 1249 bellurn
924 1211 1138 1249 Marsicum
1170 1223 1294 1249 annos
1328 1213 1431 1250 solos
1462 1214 1639 1264 respicio,

268 1404 297 1446 1)
322 1402 415 1436 Nam
439 1401 565 1436 titulus
591 1401 633 1445 is,
664 1401 700 1435 in
726 1411 795 1444 quo
822 1401 935 1445 primo
961 1401 1203 1445 Hermaistae,
1229 1402 1515 1448 Apolloniastae‚
1542 1404 1640 1439 Posi-

153 1459 364 1494 doniasteae
390 1464 571 1503 vocantur,
598 1468 689 1492 anno
716 1459 842 1502 657197
869 1468 899 1492 a.
918 1458 999 1492 Chr.
1019 1469 1052 1492 n.
1078 1458 1216 1502 positus
1242 1464 1304 1493 est.
1343 1458 1386 1493 cf.
1402 1459 1492 1494 Bull.
1512 1461 1555 1495 de
1574 1472 1643 1496 cor.

150 1516 242 1550 Hell.
269 1516 319 1551 IV
343 1527 376 1560 p.
399 1519 463 1551 190
487 1520 582 1560 (app.
609 1527 642 1549 n.
659 1518 725 1560 20).

261 1574 290 1616 ²)
316 1574 506 1617 Neptunus
531 1574 568 1607 in
593 1574 741 1609 urbibus
767 1574 905 1617 graecis
931 1574 1057 1608 Italiae
1083 1573 1277 1617 praecipue
1303 1573 1419 1608 cultus
1446 1585 1522 1609 esse
1548 1575 1641 1610 vide-

149 1636 223 1676 tur,
260 1632 357 1666 velut
386 1631 617 1676 Posidoniae,
649 1630 742 1665 unde
773 1631 871 1665 urbis
902 1641 1046 1675 nomen,
1079 1636 1141 1664 aut
1172 1630 1318 1664 Tarenti
1351 1631 1408 1673 (cf.
1435 1631 1520 1666 Hor.
1547 1632 1600 1666 od.
1628 1633 1642 1666 Ι

148 1691 202 1723 28.
228 1692 297 1730 29).

260 1746 290 1784 3)
324 1745 416 1780 Nam
450 1749 485 1779 et
517 1744 709 1779 Herculem
743 1755 802 1779 eos
835 1748 1021 1779 veneratos
1059 1754 1136 1778 esse
1175 1754 1219 1777 ex
1255 1743 1359 1778 titulo
1397 1745 1480 1779 anni
1517 1747 1641 1790 657197

150 1806 310 1846 apparet.

261 1860 292 1901 4)
317 1858 458 1892 Titulus
484 1858 569 1892 anni
586 1859 712 1902 657197
738 1858 795 1899 (cf.
814 1857 893 1891 adn.
915 1861 946 1897 1)
972 1856 1156 1891 dedicatus
1183 1862 1240 1891 est
1263 1855 1428 1900 Ἡρακλεῖ
1447 1859 1501 1891 καὶ
1523 1856 1641 1891 Ἰταλι-

148 1915 231 1958 κοῖς,
258 1914 341 1948 anni
359 1915 486 1958 680174
511 1913 616 1957 (Bull.
644 1913 687 1947 de
713 1924 741 1947 c.
769 1913 860 1947 Hell.
882 1913 967 1947 VIII
993 1924 1026 1957 p.
1047 1915 1126 1956 1463
1153 1928 1196 1942 =
1221 1922 1302 1957 app.
1329 1925 1360 1947 n.
1379 1916 1437 1955 21)
1463 1913 1642 1948 Ἀπόλλωνι

148 1971 205 2004 καὶ
227 1970 420 2009 Ἰταλικοῖς.
474 1971 620 2006 Eisdem
644 1970 799 2015 lapidem
825 1971 944 2016 posuit
969 1971 1208 2006 Philostratus
1235 1970 1394 2014 quidam,
1431 1969 1641 2005 Philostrati

147 2028 170 2062 f.
196 2028 403 2072 Neapolites
431 2027 534 2073 (Bull.
562 2027 604 2062 de
639 2039 666 2062 c.
699 2028 792 2063 Hell.
818 2028 902 2062 VIII
927 2040 960 2073 p.
988 2032 1067 2073 1283
1101 2045 1144 2059 =
1171 2039 1251 2073 app.
1288 2039 1321 2062 n.
1347 2028 1419 2072 30),
1454 2028 1513 2071 qui
1547 2034 1641 2063 certe

148 2085 266 2120 socius
292 2095 441 2128 graecus
472 2084 568 2118 illius
600 2085 740 2128 collegii
771 2085 848 2119 fuit.
906 2085 1011 2120 Hunc
1045 2090 1162 2119 autem
1194 2085 1421 2128 cognovimus
1454 2096 1498 2119 ex
1528 2085 1640 2119 tribus

149 2141 230 2176 aliis
255 2142 390 2186 titulis,
423 2152 573 2185 quorum
598 2142 658 2176 ille
684 2142 818 2176 saeculi
844 2143 948 2186 primi
974 2152 1004 2176 a.
1030 2142 1110 2177 Chr.
1136 2153 1168 2176 n.
1195 2142 1367 2186 ineuntis,
1399 2152 1503 2185 quem
1528 2141 1640 2186 Paris,

149 2198 241 2234 Bull.
270 2198 301 2233 d.
321 2209 348 2233 c.
367 2198 459 2233 Hell.
477 2199 562 2233 VIII
586 2210 619 2243 p.
638 2202 715 2243 488,
742 2198 864 2243 edidit,
890 2199 1034 2233 maximi
1060 2199 1226 2233 momenti
1252 2204 1315 2233 est.
1365 2198 1466 2234 Unde
1492 2203 1642 2242 apparet

150 2265 230 2289 cum
256 2255 370 2290 tribus
395 2254 577 2300 Romanis,
603 2255 774 2290 fratribus
798 2256 975 2300 Egnatiis,
1000 2256 1094 2290 hunc
1113 2256 1289 2290 Graecum
1314 2260 1390 2290 arte
1415 2255 1639 2289 coniunctum

150 2310 260 2346 fuisse
287 2311 428 2355 illisque
454 2310 628 2346 beneficia
653 2311 831 2356 tribuisse,
858 2323 965 2356 quam
989 2313 1032 2347 ob
1056 2323 1129 2347 rem
1149 2323 1269 2347 eorum
1289 2313 1483 2356 εὐεργέτης
1500 2311 1638 2345 dicitur.

149 2367 319 2402 Similiter
351 2367 506 2402 Graecos
540 2368 628 2403 duos
661 2379 705 2402 ex
736 2369 914 2404 Heraclea
944 2370 1086 2413 Italica,
1125 2375 1163 2404 ut
1192 2370 1278 2403 mihi
1311 2368 1452 2412 quidem
1491 2367 1638 2409 videtur,

152 2425 311 2459 amicitia
335 2436 414 2460 cum
441 2425 525 2460 viris
550 2425 719 2461 Romanis
752 2437 834 2461 usos
866 2437 944 2461 esse
972 2426 1130 2461 videmus
1163 2427 1198 2460 in
1232 2426 1345 2460 titulis
1378 2424 1534 2459 eiusdem
1565 2424 1637 2456 fere

148 2482 276 2516 aetatis
301 2482 356 2527 (cf.
382 2482 474 2516 Bull.
501 2481 543 2516 de
571 2493 598 2516 c.
626 2482 717 2517 Hell.
745 2483 828 2517 VIII
854 2494 886 2527 p.
910 2486 971 2518 143
997 2487 1032 2517 et
1057 2482 1107 2516 XI
1132 2494 1164 2526 p.
1183 2484 1270 2526 270).

261 2538 287 2582 5)
313 2537 404 2571 Bull.
432 2538 475 2572 de
501 2549 529 2572 c.
554 2538 647 2573 Hell.
673 2540 738 2573 VII
765 2551 798 2584 p.
826 2543 958 2575 12—14
989 2550 1020 2574 a.
1045 2540 1171 2583 657197
1204 2543 1265 2572 aut
1289 2540 1423 2575 658196.
1473 2535 1634 2578 Magistri

148 2591 544 2637 ())Κομπεταλιασταί«)
570 2601 653 2631 sunt
678 2596 834 2631 libertini
861 2598 1035 2632 sociorum
1060 2602 1167 2639 atque
1186 2596 1278 2628 inter
1298 2594 1360 2627 hos
1379 2592 1636 2635 Neapolitanus

148 2649 304 2696 quidam.
