1907 2905
769 98 1047 137 ..39-

164 236 325 261 rerum«
343 221 390 273 ¹),
432 221 526 272 quia
563 221 698 260 omnia
736 219 814 258 alia
853 220 1176 270 praecedentibus
1216 220 1410 270 explicata
1450 227 1561 268 sunt,
1603 221 1654 259 ad

165 303 301 329 causas
339 290 436 329 inter
475 290 580 328 cives
621 291 825 328 Romanos
867 288 972 338 ipsos
1011 289 1288 328 diiudicandas
1329 291 1530 328 referenda
1570 302 1654 328 esse

163 356 332 409 Morel²)
371 359 510 408 aliique
550 357 621 396 viri
661 357 876 396 doctissimi
917 357 1113 396 viderunt.
1173 360 1358 396 Extremo
1396 365 1525 396 autem
1564 359 1653 395 loco

161 428 317 467 additur
345 428 444 467 inter
474 433 642 465 aratores
673 433 711 464 et
743 426 985 464 decumanos
1016 426 1100 475 lege
1131 425 1347 463 Hieronica
1375 425 1520 463 iudicia
1549 427 1654 463 sacta

160 509 254 536 esse.

272 566 376 603 Tum
417 576 509 602 vero
539 561 667 601 verbis
708 561 783 609 eis,
827 574 928 611 quae
969 568 1202 611 sequuntur,
1243 567 1482 610 quantopere
1512 563 1652 600 Verres

157 634 255 672 haec
287 632 367 672 iura
399 632 619 671 Siculorum
651 629 864 678 violaverit,
897 629 1147 680 significatur,
1180 628 1248 667 ubi
1278 628 1428 668 verbis:
1480 625 1653 666 »Selecti

158 713 178 738 e
208 705 404 739 conventu
435 704 508 737 aut
533 695 744 751 propositi
773 710 792 735 e
823 694 1152 748 neqotiatoribus
1183 693 1339 735 iudices
1370 693 1519 742 nulli«,
1554 708 1652 746 quo-

156 768 278 807 modo
308 774 462 818 praetor
489 767 691 817 improbus
722 766 763 804 in
794 766 920 804 causis
951 765 1050 804 inter
1081 765 1185 804 cives
1216 766 1337 815 ipsos,
1371 771 1489 814 atque
1520 764 1647 803 verbis

155 837 276 886 paulo
305 842 394 885 post
424 835 675 885 sequentibus
717 836 787 871 »de
819 838 1013 873 conventu
1044 846 1094 873 ao
1131 831 1457 882 neyotiatoribus
1489 829 1650 871 iudices

156 901 310 951 nulli«,
350 904 554 954 quomodo
592 903 630 941 in
668 902 795 941 causis
832 902 928 941 inter
965 909 1133 940 aratores
1170 909 1208 940 et
1240 902 1482 940 decumanos
1517 902 1649 951 egerit,

156 973 421 1011 demonstrare
452 972 592 1010 Cicero
623 971 663 1009 in
692 970 826 1008 animo
857 968 1029 1019 habet3).
1088 969 1126 1008 Si
1157 977 1285 1008 autem
1317 970 1436 1007 verba
1465 969 1531 1006 illa
1565 981 1650 1006 »se-

157 1037 251 1078 lecti
279 1051 298 1076 e
330 1043 523 1077 conventu
554 1043 628 1077 aut
655 1035 871 1091 propositi
897 1050 916 1074 e
955 1035 1285 1090 neyotiotoribus
1325 1033 1483 1074 iudices
1514 1033 1643 1074 nulli«

156 1108 241 1153 sola
275 1108 471 1158 legamus,
517 1106 776 1157 negotiatores
822 1114 1020 1144 conventu
1066 1105 1210 1144 civium
1251 1107 1524 1143 Romanorum
1568 1117 1648 1142 non

155 1175 344 1214 contineri
377 1175 588 1214 videantur.
649 1176 901 1224 Quamquam
932 1174 1030 1213 haec
1060 1175 1156 1211 falsa
1185 1186 1268 1212 esse
1299 1172 1546 1211 manifestum
1578 1179 1646 1220 est,

155 1243 186 1281 si
215 1243 445 1293 respicimus
486 1244 611 1293 legem
649 1241 797 1291 ipsam,
840 1253 918 1291 qua
949 1242 1111 1280 docetur
1140 1241 1308 1291 proponi
1340 1241 1458 1279 etiam
1498 1240 1647 1279 iudices

152 1323 174 1349 e
204 1317 402 1349 conventu
432 1310 575 1349 civium
597 1312 880 1356 Romanorum,
913 1315 991 1356 aut,
1024 1316 1065 1347 ut
1094 1308 1248 1359 planius
1275 1317 1392 1358 atque
1422 1308 1647 1359 exquisitius

153 1377 303 1426 dicam,
350 1385 388 1417 et
427 1378 534 1429 seligi
573 1385 611 1417 et
650 1377 818 1428 proponi
858 1391 879 1416 e
918 1385 1127 1416 conventu.
1202 1379 1306 1428 Ergo
1352 1377 1444 1416 inde
1489 1388 1647 1427 quoque

153 1447 316 1484 efficitur
345 1447 606 1497 negotiatores
628 1453 846 1485 conventus
867 1446 1076 1498 participes
1101 1446 1217 1484 fuisse
1239 1453 1430 1496 oportere,
1463 1459 1542 1495 quo
1565 1459 1646 1484 sen-

151 1515 274 1553 tentia
303 1521 435 1553 nostra
465 1512 770 1563 confirmatur4).
834 1515 911 1552 Sed
942 1516 1061 1553 verba
1095 1512 1279 1552 »selecti«
1314 1522 1352 1552 et
1387 1512 1641 1565 »propositi«

152 1581 248 1631 quid
279 1581 353 1620 sibi
383 1581 515 1630 velint,
547 1589 590 1620 ut
613 1593 913 1632 cognoscamUS,
944 1582 1148 1620 redeamus
1170 1582 1221 1637 ad
1252 1583 1377 1633 legem
1407 1582 1546 1632 ipsam,
1578 1581 1644 1620 ubi

152 1649 405 1688 constitutum
436 1656 536 1698 erat,
576 1657 618 1689 ut
650 1650 784 1689 selecti
823 1649 972 1688 iudices
1004 1663 1051 1688 ex
1090 1657 1287 1689 conventu
1322 1657 1642 1700 proponerentur,

151 1731 237 1756 mos
273 1717 402 1757 fuisse.
463 1718 543 1767 Qui
582 1726 671 1756 sunt
708 1718 838 1757 selecti
874 1716 1046 1757 iudices?
1108 1716 1374 1768 Mommsen-²³)
1412 1718 1570 1768 quidem
1608 1725 1645 1757 et

151 1786 201 1824 de
220 1786 280 1824 his
303 1793 341 1824 et
361 1787 412 1825 de
434 1786 594 1825 delectis
615 1786 810 1825 iudicibus
832 1787 929 1825 haec
952 1786 1147 1837 disputat:
1199 1784 1426 1824 »Delecti
1447 1784 1644 1825 dicuntur

142 1852 391 1908 plerumque
430 1851 590 1893 iudices
632 1851 692 1893 ad
728 1865 901 1892 causam
942 1859 1099 1893 certam
1141 1852 1331 1909 aliquam
1369 1851 1640 1893 iudicandam

151 1921 262 1971 dati,
310 1920 448 1962 selecti
487 1928 632 1973 eontra
677 1919 833 1962 iudices
878 1936 1013 1963 annuo
1059 1919 1190 1962 edicto
1231 1922 1480 1977 propositi«.
1553 1925 1642 1974 Qua

264 2046 291 2088 1)
315 2044 385 2079 Pro
422 2044 540 2079 verbis
575 2050 803 2078 »ceterarum
837 2056 1005 2084 rerum«,
1043 2044 1258 2090 Mommsen,
1294 2045 1342 2080 St.
1366 2045 1408 2080 R.
1442 2045 1494 2079 ΠΙ
1524 2056 1557 2089 p.
1576 2046 1641 2080 748

149 2100 229 2136 adn.
254 2104 287 2145 4,
316 2107 512 2136 »ceterum«
541 2101 766 2136 scribendum
791 2101 987 2146 proposuit,
1014 2101 1109 2145 quod
1134 2101 1256 2137 dubito
1282 2112 1328 2136 an
1352 2102 1562 2146 praeferam.

261 2158 288 2203 2)
314 2158 357 2193 cf.
382 2158 498 2193 Morel
522 2158 543 2193 l.
569 2159 591 2193 l.
623 2170 655 2203 p.
674 2162 718 2194 20
743 2158 822 2193 adn.
844 2162 878 2203 13
910 2159 995 2194 item
1020 2159 1146 2203 Voigt,
1177 2160 1233 2195 ius
1264 2160 1427 2195 naturale
1451 2160 1485 2194 11
1510 2172 1543 2204 p.
1561 2162 1638 2195 406.

149 2215 230 2251 Non
255 2220 351 2250 recte
377 2215 420 2250 de
445 2216 502 2250 his
527 2216 643 2251 verbis
668 2216 804 2251 iudicat
829 2216 1050 2262 Degenkolb,
1077 2217 1119 2252 de
1144 2218 1222 2261 lege
1247 2217 1449 2252 Hieronica.
1476 2228 1508 2261 p.
1527 2220 1580 2251 22.

263 2272 292 2316 3)
316 2271 409 2306 Nam
439 2272 597 2316 Zumptii
629 2273 695 2317 (ed.
721 2273 822 2307 Verr.
848 2283 881 2317 p.
900 2274 980 2318 272)
1012 2278 1120 2318 atque
1153 2273 1391 2318 Degenkolbii
1423 2273 1457 2316 (l.
1485 2273 1505 2309 l.
1531 2284 1564 2316 p.
1582 2274 1638 2316 23)

148 2328 191 2363 de
215 2329 283 2364 hoc
307 2329 502 2364 sententias
527 2329 623 2364 nullo
648 2330 750 2364 modo
776 2331 1006 2374 comprobare
1031 2341 1185 2375 possum.

261 2387 290 2430 4)
315 2385 418 2420 Hanc
443 2387 485 2421 ob
510 2397 584 2421 rem
609 2387 714 2432 illud,
746 2387 840 2432 quod
866 2388 972 2423 Klotz
1005 2389 1071 2432 (ed.
1099 2400 1147 2423 or.
1175 2389 1245 2423 Cic.
1272 2389 1306 2422 II
1330 2400 1363 2432 p.
1383 2389 1460 2431 750)
1492 2387 1637 2430 iudicat,

147 2442 366 2477 reiciendum
397 2447 466 2477 est:
498 2443 738 2487 negotiatores
773 2455 850 2480 esse
887 2455 946 2480 eos
971 2445 1167 2489 Romanos,
1200 2446 1261 2489 qui
1294 2445 1392 2479 brevi
1418 2450 1574 2487 tempore
1600 2444 1635 2476 in

149 2499 273 2535 Sicilia
298 2499 503 2534 commorati
529 2500 618 2535 nulli
635 2501 823 2536 conventui
841 2501 1013 2546 adscripti
1030 2503 1172 2537 fuerint.
1216 2501 1315 2545 Quod
1334 2502 1440 2536 etiam
1457 2500 1633 2535 refutatur

149 2567 191 2592 ea
214 2567 264 2601 re,
289 2556 384 2600 quod
408 2567 549 2602 semper
574 2557 676 2593 sedes
701 2557 737 2592 in
762 2558 946 2602 provincia
970 2559 1101 2594 habere
1128 2559 1199 2593 illis
1225 2568 1313 2602 opus
1339 2562 1424 2591 erat.

259 2615 287 2657 ⁵)
311 2612 518 2659 Mommsen,
543 2614 586 2650 de
613 2615 735 2659 colleg.
762 2619 798 2650 et
822 2615 931 2650 sodal.
957 2627 990 2660 p.
1010 2619 1062 2651 65.
