1928 2884
788 149 1070 188 -54-

182 274 476 321 convertebant,
509 274 640 312 donec
669 274 793 323 prius,
827 285 946 322 quam
978 272 1054 311 alia
1084 272 1288 322 provincia
1318 272 1473 312 civitate
1503 274 1688 310 Romana

182 342 405 381 donaretur.
456 343 595 390 Itaque
617 341 749 380 Sicilia
779 341 894 381 nobis
927 349 1130 391 tamquam
1161 341 1260 380 inter
1283 341 1546 381 Occidentem
1569 348 1687 390 atque

182 409 382 449 Orientem
414 410 601 460 ponenda
630 417 698 457 est,
731 410 859 459 quod,
893 421 1134 459 quamquam
1165 417 1285 448 status
1316 409 1467 448 insulae
1497 409 1537 447 in
1569 420 1687 447 occu-

182 478 317 528 pando
348 478 453 517 idem
484 491 530 516 ac
561 486 748 516 terrarum
773 477 941 516 Orientis
973 485 1054 515 erat
1086 489 1252 527 eamque
1283 479 1336 516 ob
1370 491 1450 516 rem
1481 477 1688 516 societates

183 546 328 585 civium
358 548 633 585 Romanorum
675 546 713 584 in
744 546 907 584 modum
947 544 1200 594 collegiorum
1242 545 1320 588 sic,
1359 553 1400 583 ut
1441 545 1480 583 in
1512 545 1687 593 Oriente,

183 615 285 657 intra
307 615 462 654 urbium
484 626 712 666 graecarum
734 626 867 652 muros
889 615 1201 659 collocabantur,
1233 621 1377 660 tamen,
1410 622 1451 652 ut
1473 621 1689 653 conventus

185 683 428 731 Occidentis,
460 697 540 722 non
572 683 640 722 diu
666 684 892 730 exstabant,
926 683 995 721 sed
1026 690 1239 732 postquam
1271 684 1436 720 multum
1467 695 1539 732 pro
1570 683 1690 720 facul-

187 751 333 791 tatibus
365 753 456 798 suis,
489 759 531 790 ut
561 754 837 790 Romanorum
869 758 987 801 atque
1018 752 1262 789 Graecorum
1293 750 1516 789 humanitas
1547 752 1691 790 cultus-

186 832 263 870 que
293 819 332 858 in
362 821 490 860 insula
511 820 752 867 misceretur,
786 821 1044 866 contulerunt,
1077 827 1227 858 mature
1257 821 1310 858 ad
1341 819 1555 870 municipia
1586 820 1692 857 colo-

188 887 355 939 niasque
386 889 424 928 in
447 889 613 928 urbibus
635 889 856 928 Siculorum
880 889 1174 927 constituendas
1193 890 1508 927 traducebantur.
1555 890 1692 937 Itaque

189 965 404 997 conventus
438 957 583 997 civium
606 960 879 996 Romanorum
912 956 966 995 ibi
986 956 1140 1006 plurimi
1170 956 1410 1006 temporibus
1437 956 1490 995 rei
1511 957 1693 1006 publicae

187 1026 332 1066 liberae
362 1027 555 1065 florebant
586 1025 781 1076 paucique
812 1026 1094 1075 permanebant
1122 1036 1247 1074 usque
1267 1025 1319 1062 ad
1338 1024 1503 1074 primam
1527 1031 1691 1063 aetatem

187 1094 438 1146 principatus.
501 1094 720 1134 Maximum
751 1106 956 1132 numerum
995 1105 1129 1132 eorum
1170 1095 1243 1132 sub
1275 1093 1443 1131 Caesare
1479 1094 1540 1131 vel
1576 1093 1693 1142 paulo

188 1171 278 1213 post
309 1163 390 1202 eius
413 1170 579 1201 mortem
611 1163 756 1201 exitum
778 1162 963 1201 habuisse
984 1169 1180 1212 putamus,
1214 1161 1402 1212 quoniam
1435 1169 1528 1199 tunc
1548 1161 1695 1200 multae

188 1233 303 1271 urbes
334 1231 490 1270 civitate
520 1234 725 1279 Romana,
768 1238 918 1270 ceterae
948 1230 1070 1269 latino
1112 1231 1193 1269 iure
1233 1228 1538 1280 donabanturl).
1600 1230 1694 1268 Uno

190 1300 306 1352 igitur
336 1308 488 1339 tantum
530 1300 641 1339 titulo
682 1301 731 1339 de
769 1301 955 1338 societate
996 1299 1142 1338 civium
1174 1301 1449 1337 Romanorum
1489 1299 1691 1345 docemur,

190 1375 317 1407 cetera
347 1367 570 1407 testimonia
600 1368 793 1406 sumenda
823 1375 912 1406 sunt
941 1379 989 1405 ex
1019 1366 1205 1407 Verrinis.

304 1437 559 1476 Fertilissima
589 1445 720 1476 autem
751 1437 819 1475 illa
849 1437 975 1475 insula
1010 1443 1091 1474 tam
1123 1448 1244 1486 prope
1284 1434 1437 1474 Italiam
1469 1434 1544 1473 sita
1584 1435 1695 1473 locus

190 1506 305 1545 valde
335 1514 450 1556 aptus
483 1514 601 1556 atque
631 1506 797 1545 idoneus
828 1507 947 1544 fiebat
976 1504 1287 1555 negotiatoribus
1310 1504 1503 1542 Romanis
1533 1503 1585 1542 ad
1616 1504 1696 1542 col-

191 1575 380 1613 locandas
411 1574 466 1613 ibi
496 1575 694 1625 pecunias.
758 1575 1007 1625 Agricultura
1036 1573 1108 1620 ibi,
1147 1585 1249 1623 quae
1279 1573 1476 1612 uberrima
1507 1583 1694 1623 magnum

192 1639 612 1688 modumfrumenti2)
644 1644 796 1689 edebat,
831 1643 940 1681 cuius
961 1642 1128 1681 maiores
1157 1655 1308 1692 semper
1330 1641 1466 1692 copias
1497 1641 1536 1680 in
1558 1642 1694 1679 urbem

191 1715 365 1752 Romam
397 1711 606 1762 importare
637 1718 794 1762 propter
824 1711 1111 1750 multitudinem
1144 1712 1222 1748 huc
1253 1711 1513 1749 confluentem
1536 1721 1696 1748 necesse

193 1789 285 1829 erat,
318 1793 386 1830 spe
416 1788 453 1819 et
484 1780 721 1830 cogitatione
751 1787 935 1829 quaestus
966 1793 990 1818 a
1020 1780 1143 1818 domo
1170 1778 1361 1829 agricolas
1383 1780 1589 1817 Romanos
1612 1790 1697 1828 per-

194 1852 338 1889 multos
369 1849 545 1900 rapiebat
581 1849 659 1887 iam
691 1848 783 1887 inde
814 1862 837 1886 a
876 1847 1118 1899 temporibus
1149 1847 1323 1886 exeuntis
1354 1846 1454 1885 tertii
1485 1845 1629 1885 saeculi
1659 1858 1696 1886 a.

195 1919 287 1958 Chr.
325 1932 364 1958 n.
378 1915 423 1967 ³).
486 1920 624 1967 Itaque
655 1917 786 1956 Verris
824 1925 1029 1956 accusator
1068 1916 1263 1956 iudicibus
1294 1918 1399 1955 hanc
1438 1916 1608 1954 insulam
1646 1915 1697 1953 ab

195 2001 243 2027 eo
275 1996 354 2026 tam
392 1988 561 2039 graviter
599 1994 781 2026 vexatam
822 1987 882 2025 his
924 1985 1052 2025 verbis
1090 1986 1277 2024 illustrare
1317 1985 1466 2035 potuit:
1532 1979 1699 2031 »Quidfl

315 2170 342 2210 ¹)
368 2167 568 2202 Mommsen
587 2167 676 2210 (CIL
693 2167 725 2200 X
752 2177 784 2210 p.
803 2168 884 2202 713)
902 2165 1069 2210 opinatur
1094 2165 1200 2199 etiam
1227 2175 1271 2198 ex
1288 2163 1391 2198 Diod.
1410 2161 1496 2197 XIII
1520 2164 1565 2197 35
1587 2165 1698 2196 totam

201 2224 359 2259 Siciliam
386 2223 567 2258 civitatem
590 2223 787 2257 Romanam
813 2228 893 2266 post
912 2222 1077 2257 Caesaris
1102 2231 1225 2255 necem
1251 2221 1296 2254 ab
1320 2219 1476 2254 Antonio
1503 2218 1696 2262 accepisse.

200 2281 291 2315 Vide
330 2279 425 2324 quod
461 2284 586 2314 contra
621 2280 711 2315 haec
742 2279 877 2314 Beloch
913 2279 1179 2321 (Bevolkerung
1216 2277 1278 2312 der
1315 2276 1567 2320 griech.-rt'›m.
1600 2275 1699 2310 Welt

199 2349 232 2382 p.
250 2340 318 2372 326
336 2341 402 2380 sq.)
429 2336 608 2371 disseruit.
657 2336 749 2371 Mihi
775 2345 916 2379 quoque
941 2340 1026 2369 tunc
1049 2334 1188 2368 insulae
1206 2334 1261 2368 ius
1278 2333 1428 2368 latinum
1447 2333 1560 2367 solum
1577 2332 1697 2367 datum

199 2405 277 2429 esse
301 2394 451 2429 videtur.

314 2451 342 2494 2)
371 2451 443 2486 Cic.
468 2451 505 2485 in
530 2451 631 2485 Verr.
656 2451 707 2485 III
732 2454 764 2486 5.
793 2454 849 2494 113
876 2449 951 2484 Liv.
977 2452 1031 2484 26.
1055 2453 1110 2484 40.

316 2509 346 2550 ³)
377 2508 432 2543 De
467 2508 603 2543 Italicis
636 2507 822 2552 Syracusis
859 2511 976 2542 aetat-e
1012 2506 1098 2541 belli
1133 2506 1260 2541 Punici
1298 2504 1444 2540 secundi
1475 2504 1699 2539 consistenti-

204 2566 271 2601 bus
302 2565 382 2600 vide
417 2576 527 2610 supra
557 2576 591 2609 p.
613 2568 668 2600 49.
724 2564 921 2608 Diodorus,
951 2563 1012 2598 ubi
1044 2563 1087 2598 de
1121 2563 1300 2598 Siciliensi
1333 2572 1514 2597 servorum
1544 2561 1699 2597 tumultu

205 2632 236 2656 a.
256 2624 608 2666 620s134—6227132
632 2622 736 2666 dicit,
771 2622 879 2659 »τοὺς
902 2622 992 2655 κατὰ
1020 2619 1179 2654 Σικελίαν
1202 2618 1407 2657 'haluwin
1437 2623 1698 2653 commemorat.

203 2680 328 2723 fragm.
355 2679 375 2713 l.
401 2679 557 2713 XXXIV
582 2681 636 2714 27.
662 2681 716 2714 32.
743 2682 787 2714 34
812 2679 854 2712 ct'.
883 2676 958 2711 CIL
984 2677 1014 2710 X
1040 2679 1140 2712 6950.
