1907 2905
778 142 1054 181 -83-

171 266 344 315 gendum
389 273 446 303 est
486 277 552 303 eos
596 264 745 313 titulos,
793 263 858 314 qui
902 272 1173 303 veteranorum
1218 273 1412 304 curatores
1459 267 1656 316 praebent,

174 347 309 372 omnes
339 333 488 382 positos
519 345 602 370 esse
631 332 763 382 primis
795 332 1032 381 temporibus
1071 333 1375 383 principatus¹)‚
1417 346 1495 382 qua
1534 342 1659 373 aetate

174 410 376 440 veteranos
408 402 550 438 multos
582 413 649 450 per
685 413 809 438 annos
851 400 887 437 in
929 400 1084 447 castris,
1127 401 1216 450 quia
1257 401 1554 451 imperatoribus
1593 410 1659 441 aut

173 469 357 519 pecuniae
387 470 438 507 ad
470 469 662 518 stipendia
692 468 900 515 solvenda,
933 476 998 506 aut
1029 468 1130 518 agri,
1170 481 1248 518 quo
1279 469 1562 507 deducerentur
1591 470 1658 516 illi,

173 539 341 584 deerant,
374 545 503 586 atque,
534 537 574 575 id
605 538 713 587 quod
744 544 879 587 postea
911 538 1055 575 factum
1086 545 1161 583 est,
1200 545 1241 575 ut
1271 549 1392 587 prope
1423 544 1546 576 castra
1577 538 1660 587 ipsa

173 605 369 643 domicilia
399 606 640 655 acciperent,
680 618 759 644 non
790 613 870 643 erat
901 602 1046 656 m052),
1089 607 1160 643 sub
1192 605 1334 644 vexillo
1371 613 1538 644 retentos
1578 618 1662 644 esse

172 687 250 711 non
281 673 502 724 ignoramus
514 671 559 722 3).
630 676 784 712 Horum
815 674 928 723 igitur
958 686 1123 723 corpora
1154 674 1309 724 saepius
1346 671 1527 713 »vexilla
1557 679 1659 711 vete-

171 754 394 781 ranorum«
438 742 688 780 nominantur
727 742 943 792 singulique
988 739 1305 792 »vexillarz'i«4).
1370 744 1524 792 Quibus
1555 756 1660 793 prae-

172 810 288 849 fuisse
317 811 402 848 illos
434 817 629 848 curatores
659 817 947 857 veteranorum,
980 822 1278 860 nonnumquam
1310 823 1388 849 una
1419 823 1508 850 cum
1543 824 1658 861 quae-

173 879 339 917 storibus
379 887 415 917 et
454 878 671 925 actoribus,
717 878 756 916 in
796 886 980 928 promptu
1022 878 1115 916 mihi
1153 891 1236 917 esse
1276 879 1440 918 videtur.
1510 881 1661 918 Vexilla

172 954 300 985 autem
340 954 608 985 veteranorum
658 959 764 984 more
803 946 956 999 militari
1002 959 1085 985 esse
1130 948 1340 986 constituta
1385 949 1509 986 elucet
1555 948 1657 996 inde,

174 1015 281 1063 quod
303 1015 409 1064 apud
427 1027 561 1052 eorum
583 1022 792 1061 curatores,
816 1022 913 1063 quot
934 1014 1126 1063 stipendia
1144 1015 1362 1063 meruerint,
1385 1015 1661 1066 numeratur⁵)‚

174 1090 290 1133 atque
321 1082 434 1121 etiam
468 1083 709 1121 centuriones
740 1084 803 1120 illa
833 1083 1015 1121 habuisse
1046 1082 1280 1133 videntur-⁶).
1334 1086 1465 1134 Quam
1497 1087 1548 1124 ob
1580 1098 1661 1124 rem

177 1153 274 1189 haec
316 1163 405 1189 cum
443 1152 683 1190 curatoribus
724 1160 993 1189 veteranorum
1032 1152 1076 1189 in
1115 1152 1248 1190 castris
1286 1153 1402 1191 fuisse
1443 1153 1659 1203 opinamur,

174 1221 266 1257 dum
300 1219 403 1257 cives
432 1220 614 1267 Romani,
647 1220 714 1269 qui
745 1220 969 1270 negotiandi
1000 1233 1117 1258 causa
1139 1228 1414 1269 convenerant,
1445 1222 1501 1260 ad
1533 1230 1660 1260 castra

175 1287 443 1326 consistebant
474 1290 545 1327 sub
576 1288 652 1327 suis
684 1286 982 1337 curatoribus7).
1035 1288 1141 1326 Nihil
1163 1296 1292 1326 autem
1324 1289 1536 1328 interfuisse
1566 1291 1662 1329 inter

287 1411 314 1447 ¹)
341 1409 378 1443 P.
409 1410 562 1444 Tutilius
597 1414 737 1444 curator
770 1414 1015 1443 veteranorum
1049 1409 1143 1444 tituli
1177 1410 1251 1444 CIL
1284 1411 1313 1445 V
1345 1415 1433 1447 5832
1466 1416 1570 1446 natus
1605 1417 1664 1446 est

173 1477 203 1501 a.
222 1469 350 1509 711s43
368 1478 397 1501 a.
419 1468 510 1512 Chr„
534 1473 692 1502 mortuus
711 1479 741 1502 a.
761 1469 887 1510 782s29
905 1479 936 1512 p.
958 1468 1037 1502 Chr.
1057 1468 1125 1502 Tit.
1146 1468 1220 1502 CIL
1238 1469 1269 1501 V
1286 1480 1318 1502 n.
1337 1470 1425 1504 7005
1444 1470 1661 1513 temporibus

175 1529 255 1558 ante
282 1524 541 1568 Vespasianum
573 1525 709 1568 positus
742 1530 811 1568 est,
845 1525 928 1568 quia
959 1525 1002 1558 ab
1035 1525 1102 1559 hoc
1133 1526 1346 1568 imperatore
1378 1526 1444 1569 leg.
1477 1527 1525 1561 IV
1558 1527 1663 1571 Mac.,

174 1581 273 1615 cuius
300 1588 545 1616 veteranorum
572 1588 714 1616 curator
738 1583 773 1616 in
800 1583 902 1617 titulo
928 1583 1140 1627 nominatur,
1167 1583 1435 1618 dissolvebatur.
1491 1585 1531 1618 In
1556 1584 1659 1618 titulo

174 1638 276 1672 CIRh
293 1639 360 1674 717
377 1638 625 1683 Baudobrigae
644 1640 837 1684 (Boppard)
860 1646 1002 1684 reperto
1027 1645 1169 1674 curator
1189 1646 1433 1674 veteranorum
1455 1651 1661 1675 commemo-

174 1700 288 1739 ratur,
322 1696 398 1740 qui‚
431 1702 617 1740 postquam
644 1697 771 1732 iteruin
804 1702 969 1732 evocatus
1003 1703 1072 1742 est,
1106 1698 1271 1741 princeps
1298 1698 1331 1731 II
1363 1699 1428 1742 leg.
1455 1699 1538 1733 XIV
1565 1700 1662 1735 Gem.

175 1757 268 1796 erat,
300 1763 390 1796 quae
416 1764 527 1796 usque
560 1754 604 1787 ad
636 1764 764 1788 annum
798 1755 870 1789 fere
897 1758 940 1789 92
966 1766 997 1798 p.
1017 1754 1097 1788 Chr.
1130 1754 1307 1799 (Pfitzner,
1340 1755 1438 1789 Rom.
1464 1756 1662 1799 Kaiserleg.

175 1820 206 1852 p.
225 1811 302 1854 259)
328 1810 363 1843 in
392 1809 582 1844 Germania
608 1812 790 1855 superiore
818 1811 990 1845 collocata
1016 1816 1100 1844 erat.
1152 1810 1226 1844 CIL
1252 1811 1283 1844 V
1307 1813 1407 1855 3375,
1434 1812 1499 1846 etsi
1526 1817 1663 1856 tempus

175 1866 339 1901 subtilius
367 1867 505 1901 definiri
531 1878 599 1902 non
625 1873 752 1912 potest,
778 1874 872 1902 certe
899 1867 1002 1911 primi
1030 1867 1162 1901 saeculi
1190 1873 1253 1901 est.

288 1923 316 1967 2)
341 1923 418 1958 vide
449 1924 704 1958 Mommsenum
738 1924 851 1967 ipsum
884 1924 904 1957 l.
936 1923 956 1957 l.
991 1934 1022 1967 p.
1047 1926 1113 1958 315
1145 1928 1179 1957 et
1209 1923 1494 1967 Marquardtium
1527 1924 1599 1958 Stv
1631 1925 1663 1958 II

175 1992 208 2024 p.
225 1983 291 2015 463
317 1986 352 2015 et
375 1984 451 2016 466.

288 2039 314 2080 3)
342 2038 425 2074 Tac.
451 2040 542 2073 Ann.
568 2040 583 2072 I
612 2043 668 2083 173
694 2042 754 2083 363
780 2037 992 2081 Marquardt
1017 2038 1037 2071 l.
1064 2038 1084 2072 l.
1112 2038 1142 2070 II
1170 2049 1201 2082 p.
1220 2040 1295 2072 543.

286 2096 315 2137 4)
342 2096 430 2130 Vell.
458 2095 534 2132 Pat.
560 2096 592 2129 II
620 2099 699 2139 1103
726 2095 800 2129 CIL
826 2096 855 2129 V
882 2098 980 2130 4903.

289 2154 315 2198 ⁵)
342 2152 443 2187 CIRh
469 2155 544 2188 717.

288 2211 316 2253 6)
343 2210 417 2244 CIL
442 2211 491 2244 III
518 2212 622 2255 2817,
653 2211 694 2244 cf.
722 2211 813 2254 quod
840 2211 1036 2244 Mommsen
1063 2210 1082 2243 l.
1111 2211 1129 2244 l.
1158 2221 1189 2253 p.
1207 2213 1272 2245 315
1300 2210 1455 2244 adnotat.
1506 2211 1551 2244 Hi
1578 2222 1663 2254 quo-

176 2277 243 2309 que
269 2267 379 2311 tituli,
413 2268 446 2301 in
473 2268 601 2311 quibus
629 2268 833 2302 vexillarius
860 2274 894 2302 et
919 2268 1078 2302 centurio
1104 2272 1348 2301 veteranorum
1379 2267 1543 2301 dicuntur
1574 2268 1663 2312 (CIL

176 2324 205 2357 V
231 2326 320 2358 4903
346 2329 380 2358 et
404 2324 454 2357 III
480 2327 581 2369 2817)
609 2325 731 2369 primis
757 2325 973 2368 temporibus
1007 2325 1228 2368 principatus
1255 2324 1360 2367 positi
1388 2329 1479 2365 sunt,
1514 2325 1597 2367 quia
1623 2325 1664 2359 de

179 2381 353 2414 veteranis
380 2382 444 2425 leg.
470 2382 516 2416 lv
544 2382 634 2416 Mac.
662 2383 787 2426 agitur.
838 2382 1049 2426 Marquardt
1074 2383 1094 2416 l.
1122 2382 1141 2416 l.
1170 2382 1200 2415 II
1228 2393 1260 2424 p.
1278 2384 1345 2416 466
1370 2381 1448 2414 adn.
1472 2385 1520 2415 12.

290 2438 317 2478 ⁷)
344 2439 520 2473 Accurate
546 2439 813 2482 distinguuntur
839 2440 1012 2474 vexillarii
1040 2439 1194 2472 veterani
1229 2448 1269 2471 ac
1303 2441 1396 2471 cives
1423 2437 1571 2471 Romani
1605 2450 1662 2471 ne-

177 2494 366 2536 gotiatores
404 2494 462 2528 illo
498 2495 572 2529 loco
608 2496 808 2540 Velleiano,
848 2508 950 2539 quem
983 2496 1187 2538 citavimus,
1229 2495 1285 2528 ubi
1326 2495 1366 2536 de
1403 2494 1663 2527 Pannoniorum

177 2550 349 2583 seditione
376 2551 493 2593 agitur
524 2552 569 2594 (ll
600 2556 690 2591 110):
733 2554 930 2598 »Oppressi
962 2555 1051 2587 cives
1082 2553 1260 2587 Romani,
1294 2553 1468 2585 trucidati
1504 2553 1663 2596 neyotia-

181 2614 285 2646 tores,
314 2620 471 2653 rnaymcs
499 2610 765 2644 zreoeillariorum
792 2624 964 2644 numerus
996 2612 1047 2644 (ul
1080 2610 1353 2643 internecionem
1384 2620 1425 2641 ea
1457 2610 1490 2641 in
1516 2609 1659 2652 reyione

177 2692 276 2700 .....
294 2678 449 2699 caesa->na

1354 2725 1395 2757 ὓ-Ἇ·
