1928 2884
824 166 1105 206 „30-

216 291 330 329 nibus
368 290 510 328 horum
550 297 790 339 temporum,
830 289 1008 339 quaestui
1045 289 1227 329 faciendo
1265 289 1386 329 dediti
1417 297 1526 329 erant
1539 288 1583 339 ¹).
1655 289 1720 328 Sic

215 371 296 404 eos,
328 358 471 407 quibus
501 365 657 406 natura,
690 366 732 397 ut
762 359 822 397 his
852 361 969 398 rebus
1002 359 1101 398 inter
1132 372 1268 398 omnes
1301 360 1379 397 fere
1410 359 1580 409 populos
1612 357 1718 397 orbis

215 435 403 466 terrarum
434 426 647 476 plurimum
674 428 860 475 valerent,
893 427 1090 475 tribuerat,
1124 429 1399 466 Romanorum
1427 427 1718 478 negotiatorum

215 502 332 544 atque
370 502 630 533 mercatorum
668 494 925 534 hereditatem
966 495 1151 533 omnibus
1192 495 1366 545 partibus
1407 494 1552 532 adiisse
1590 493 1716 532 mani-

215 565 354 602 festum
386 572 455 602 est.

923 983 1024 1036 IV.

334 1111 533 1161 Sequitur,
566 1111 677 1160 quod
709 1110 889 1148 ultimum
921 1110 1170 1148 tractandum
1202 1109 1317 1148 nobis
1349 1108 1645 1159 proposuimus,
1678 1116 1720 1149 ut

219 1180 440 1226 videamus,
487 1190 566 1228 qua
606 1177 753 1216 ratione
801 1176 1123 1228 congregationes
1164 1177 1308 1215 civium
1349 1179 1622 1216 Romanorum
1670 1178 1722 1215 ad

219 1256 345 1287 castra
376 1248 519 1286 stativa
559 1246 836 1296 imperatorum
879 1245 1122 1294 temporibus
1164 1244 1459 1283 consistentium
1498 1256 1588 1282 cum
1629 1257 1723 1283 con-

220 1318 402 1357 ventibus
453 1317 689 1355 cohaereant
740 1314 962 1363 quibusque
1012 1313 1142 1352 modis
1192 1313 1439 1362 compositae
1488 1321 1608 1363 atque
1657 1313 1725 1351 ad-

220 1386 458 1425 ministratae
489 1385 642 1424 fuerint.

336 1458 466 1504 Atque
496 1454 591 1492 mihi
622 1452 792 1502 primum
824 1451 920 1502 quid
953 1452 1002 1490 de
1030 1451 1089 1488 his
1112 1446 1381 1499 Mommsen2)
1413 1458 1531 1500 atque
1554 1451 1679 1488 Morel
1691 1448 1724 1499 ³)

220 1524 499 1570 iudicaverint,
547 1522 768 1571 quibusque
808 1522 859 1559 de
899 1522 1013 1559 rebus
1054 1518 1344 1558 controversiae
1385 1519 1462 1558 sint
1503 1519 1602 1558 inter
1639 1521 1724 1567 hos,

222 1593 389 1631 breviter
419 1603 520 1640 quae
549 1591 778 1641 gravissima
809 1598 911 1635 sunt,
944 1601 1141 1638 exponere
1171 1601 1271 1638 opus
1302 1595 1370 1626 est.

364 1662 589 1698 Mommsen
619 1659 703 1696 illas
734 1658 785 1695 ad
816 1665 944 1695 castra
973 1657 1114 1694 stativa
1142 1655 1362 1704 societates,
1396 1667 1496 1705 quae
1517 1669 1596 1694 non
1618 1657 1726 1705 apud

222 1730 442 1780 scriptores,
474 1728 543 1766 sed
572 1727 611 1765 in
632 1726 752 1765 titulis
774 1727 892 1776 vulgo
926 1723 1254 1772 »canabae«⁴)‚
1286 1723 1549 1771 nominantur,
1580 1724 1726 1774 primas

221 1798 362 1836 eodem
395 1797 517 1835 modo
539 1795 768 1834 constitutas
793 1807 889 1841 esse,
923 1806 1002 1843 quo
1025 1794 1169 1831 civium
1194 1794 1468 1831 Romanorum
1496 1800 1724 1840 conventus,

221 1866 425 1916 perspexit.
489 1865 568 1903 Sed
601 1863 729 1913 primo
761 1865 920 1901 saeculo
952 1876 989 1912 p.
1015 1862 1106 1901 Chr.
1140 1875 1177 1902 n.
1211 1861 1256 1899 iis
1287 1861 1499 1911 praefuisse
1530 1868 1727 1900 curatores

222 1942 516 1980 veteranorum,
564 1933 631 1981 qui
670 1934 834 1971 fortasse
874 1931 1016 1970 rectius
1058 1944 1105 1968 ac
1147 1930 1298 1980 plenius
1337 1930 1558 1980 appellandi
1598 1937 1726 1968 essent

222 2079 486 2114 feneratoribus
512 2077 608 2121 apud
633 2076 846 2120 scriptores,
873 2076 966 2110 sicut
992 2075 1075 2109 olim
1100 2074 1244 2108 nomina
1269 2073 1399 2108 civium
1425 2074 1666 2109 Romanorum
1691 2079 1728 2109 et

224 2136 488 2180 negotiatorum
514 2134 714 2178 promiscue
732 2138 906 2177 usurpata
932 2137 1043 2166 erant.
1086 2131 1128 2165 cf.
1150 2131 1222 2166 Sid.
1241 2131 1359 2175 Apoll.
1382 2131 1399 2164 I
1425 2141 1478 2175 ep.
1499 2134 1520 2165 8
1545 2131 1598 2165 ed.
1615 2131 1723 2166 Luet-

218 2193 359 2237 johann
385 2203 417 2236 p.
441 2195 481 2227 13
507 2197 542 2226 et
568 2190 756 2225 Salvianus
782 2190 825 2224 de
852 2189 931 2234 gub.
959 2188 1016 2223 dei
1035 2188 1084 2222 IV
1113 2191 1163 2222 14.
1190 2191 1234 2223 69
1258 2187 1645 2230 (Scheffer-Boichorst
1662 2188 1683 2223 l.
1702 2188 1724 2223 1.

224 2262 255 2295 p.
274 2253 366 2291 531).

341 2310 368 2350 ¹)
393 2307 598 2351 Hieronym.
624 2307 660 2340 in
686 2305 866 2340 Ezechiel.
893 2305 1028 2339 XXVII
1053 2306 1097 2340 27
1123 2305 1154 2339 V
1179 2315 1212 2348 p.
1232 2307 1299 2340 513
1324 2304 1378 2338 ed.
1405 2302 1571 2337 Vallarsi.

336 2364 364 2409 2)
389 2364 426 2398 in
450 2363 702 2399 dissertatione
730 2374 782 2408 ea,
809 2373 917 2408 quam
943 2374 975 2407 p.
998 2366 1040 2398 10
1065 2362 1145 2396 adn.
1167 2365 1181 2397 1
1211 2360 1573 2396 commemoravimus.

337 2422 366 2465 3)
392 2421 507 2456 Morel
531 2422 568 2455 in
594 2420 793 2466 appendice
819 2426 866 2464 (p.
885 2423 1037 2462 44—50)
1063 2419 1284 2463 quaestionis
1313 2428 1398 2452 suae
1424 2416 1466 2451 de
1493 2417 1727 2452 conventibus

223 2480 354 2515 civium
371 2479 612 2513 Romanorum
637 2489 690 2523 ea,
716 2478 759 2512 de
785 2478 913 2522 quibus
931 2488 1010 2512 cum
1029 2477 1250 2511 Mommseno
1269 2486 1339 2510 non
1357 2473 1544 2518 consentit,
1571 2473 1725 2517 collegit.

338 2538 368 2578 4)
393 2536 447 2570 De
477 2535 545 2570 hac
576 2546 659 2570 voce
693 2535 790 2580 vide,
826 2545 918 2579 quae
943 2534 1141 2568 Mommsen
1173 2534 1195 2567 l.
1222 2533 1242 2566 l.
1277 2544 1310 2577 p.
1329 2534 1511 2568 303-305
1546 2530 1726 2566 disseruit.

224 2594 266 2629 cf.
293 2593 326 2628 J.
351 2593 461 2637 Jung,
486 2592 618 2628 Romer
643 2604 676 2628 u.
694 2593 878 2627 Romanen
903 2592 939 2626 in
965 2592 1033 2626 den
1051 2590 1331 2626 Donaulandern
1357 2580 1451 2633 pf75
1471 2599 1540 2632 sq.:
1566 2587 1716 2621 Hfibner

223 2651 349 2685 Jahrb.
383 2650 628 2685 des‘Vereins
665 2660 732 2684 von
762 2647 1004 2683 Altertumsfr.
1042 2647 1090 2681 im
1124 2646 1265 2682 Rheinl.
1296 2645 1413 2681 LXIV
1448 2656 1480 2689 p.
1505 2647 1549 2680 39
1581 2643 1661 2680 adn.
1686 2646 1709 2680 2

222 2706 355 2751 Bergk,
382 2706 657 2741 Westdeutsche
681 2705 855 2740 Zeitschr.
882 2704 898 2739 I
924 2706 1042 2748 (1882)
1067 2715 1099 2748 p.
1119 2706 1185 2739 506
1211 2702 1291 2738 adn.
1314 2707 1355 2739 1.·

1923 1405 1928 1414 .
1922 1378 1928 1387 ⁴
1916 1178 1928 1318 “rs-sumina*
1919 1086 1928 1157 .v=ffl;
1920 1038 1928 1071 ν.
1921 1013 1928 1022 ι
1920 976 1928 994 ι.
1923 927 1928 946 ..
1923 874 1928 878 .
