1907 2905
794 138 1075 176 -57-

187 260 334 312 negotii
365 267 540 311 gerentes
561 259 736 309 undique
757 259 872 298 variis
893 273 939 298 ex
959 259 1152 311 populis1)
1184 270 1342 312 propter
1362 271 1517 312 portum
1539 275 1680 313 oppor-

189 336 280 367 tune
311 329 427 367 situm
459 327 754 376 immunemque
797 327 973 366 omnium
1015 328 1261 379 vectigalium
1303 330 1342 368 in
1380 330 1546 368 insulam
1587 343 1679 368 con-

187 398 416 444 veniebant,
457 408 557 445 quae
594 407 684 434 cum
716 395 892 434 omnium
926 396 1097 435 Orientis
1127 397 1335 444 mercium,
1377 409 1477 446 quae
1517 406 1582 437 aut
1619 411 1681 436 ex-

186 465 442 514 portabantur
491 471 558 503 aut
602 464 936 514 importabantur,
990 472 1072 502 tum
1120 477 1318 503 servorum
1362 462 1679 515 negotiationis2)

185 544 307 570 unum
339 534 545 582 solumque
575 532 806 582 emporium,
840 533 1020 582 quamvis
1051 544 1227 583 parvum,
1261 540 1391 571 tamen
1422 532 1592 570 maxime
1621 545 1680 571 ce-

185 601 377 639 lebratum
408 600 524 638 totius
556 600 706 650 imperii
738 600 911 638 Romani
941 602 1059 639 fiebat
1072 598 1117 649 ³).

300 670 403 706 Tum
435 681 526 706 vero
557 667 745 718 imprimis
777 668 901 706 Italici
934 680 1090 718 quoque
1112 681 1325 718 permagna
1346 668 1593 707 multitudine
1623 668 1678 706 in-

188 736 312 773 sulam
350 735 540 774 adierunt.
603 738 751 775 Eorum
793 736 895 774 enim
937 737 1097 775 nomina
1138 738 1267 775 multis
1306 736 1425 774 titulis
1465 737 1677 783 traduntur,

186 802 326 852 quibus
357 812 424 842 aut
457 802 582 854 soli4),
614 813 681 842 aut
711 817 788 842 una
818 817 908 843 cum
934 803 1295 854 Atheniensibus⁵)‚
1327 805 1476 843 insulae
1497 804 1678 850 dominis,

185 872 247 909 vel
279 883 368 909 curn
401 871 566 910 Graecis
597 871 784 910 universis
816 871 961 910 ibidem
992 870 1311 921 habitantibusss),
1343 880 1409 911 aut
1440 884 1528 910 cum
1562 873 1679 910 Athe-

185 939 381 978 niensibus
412 939 631 989 ceterisque
663 939 823 978 Graecis
835 937 887 988 ⁷),
929 942 990 978 vel
1022 939 1158 978 ceteris
1188 940 1419 990 peregrinis,
1459 940 1524 989 qui
1554 940 1592 978 in
1623 939 1679 978 in-

185 1009 268 1045 sula
297 1007 595 1058 negotiabantur
606 1005 652 1057 8),
688 1007 791 1045 viros
824 1008 873 1045 de
895 1008 996 1045 Delo
1017 1009 1116 1046 bene
1137 1008 1307 1056 meritos,
1340 1009 1567 1058 plerumque
1597 1021 1678 1046 ma-

306 1176 334 1216 1)
359 1175 465 1209 urbes
491 1173 713 1218 populosque
740 1173 884 1217 collegit
909 1173 1090 1208 Schoeffer
1116 1184 1149 1216 p.
1171 1175 1233 1208 187
1249 1183 1299 1216 sq.

300 1231 329 1273 2)
356 1230 434 1265 vide
462 1230 646 1265 Strabonis
671 1230 779 1265 verba
804 1230 887 1264 XIV
912 1233 942 1265 5.
968 1233 1006 1274 2,
1039 1240 1107 1273 quo
1133 1230 1209 1264 loco
1236 1230 1342 1264 etiam
1368 1229 1455 1263 illud
1487 1229 1529 1263 de
1562 1229 1680 1263 insula

189 1287 515 1332 praeclarissimum
531 1287 696 1322 affertur:
723 1287 882 1330 »ἔμπορε
897 1287 1152 1330 κατάπλευσον,
1168 1286 1312 1324 ἐξελοῦ·
1331 1285 1449 1319 πάντα
1466 1286 1677 1330 πέπραται.«

304 1345 333 1387 3)
360 1344 430 1379 Cic.
457 1343 499 1378 de
526 1344 608 1387 imp.
629 1345 751 1388 Pomp.
776 1347 826 1379 18.
852 1348 911 1380 55:
944 1350 1039 1378 »tum
1065 1356 1145 1377 cum
1172 1344 1295 1377 insula
1313 1343 1426 1377 Delos
1451 1348 1527 1376 tam
1547 1344 1680 1388 procul

185 1414 210 1435 a
241 1402 343 1436 nobis
376 1403 415 1435 in
448 1401 594 1446 Aegaeo
626 1404 724 1435 mari
751 1403 895 1447 posita,
930 1413 999 1446 quo
1030 1413 1153 1435 omnes
1188 1401 1351 1445 undique
1385 1412 1464 1433 cum
1501 1400 1680 1434 mercibus

185 1464 296 1504 atque
327 1459 495 1493 oneribus
525 1457 793 1495 commeabant,
828 1458 963 1500 referta
996 1457 1150 1495 divitiis,
1186 1468 1314 1501 parva
1339 1457 1416 1489 sine
1448 1467 1557 1489 muro
1588 1456 1678 1490 nihil

185 1515 365 1549 timebat«

297 1572 324 1615 4)
350 1571 502 1605 Italici
533 1571 599 1606 vel
630 1570 811 1605 Romani
843 1571 943 1605 soli:
982 1570 1074 1606 Bull.
1101 1570 1143 1604 de
1169 1580 1239 1604 cor.
1265 1570 1356 1604 Hell.
1383 1570 1413 1603 V
1439 1581 1472 1614 p.
1490 1573 1553 1605 391
1583 1572 1676 1614 (app.

184 1640 216 1662 n.
240 1631 298 1671 25)
331 1639 375 1663 ex
407 1628 549 1662 saeculo
587 1627 741 1662 secundo
774 1633 925 1662 exeunte
960 1637 990 1661 a.
1018 1627 1099 1662 Chr.
1126 1638 1157 1661 n.
1190 1627 1366 1669 (Homolle
1398 1638 1430 1670 p.
1453 1630 1547 1668 116);
1581 1627 1677 1661 CIGr

183 1685 304 1721 2285b
329 1690 424 1729 (app.
450 1696 483 1719 n.
501 1688 559 1723 28)
585 1685 711 1720 titulus
737 1685 832 1719 intra
858 1695 968 1719 annos
989 1688 1168 1720 110—-100
1194 1694 1223 1718 a.
1244 1684 1323 1718 Chr.
1342 1695 1375 1718 n.
1402 1684 1498 1718 circa
1522 1684 1678 1727 positus;

185 1742 277 1777 Bull.
309 1742 351 1777 de
383 1752 452 1776 cor.
485 1742 576 1776 Hell.
606 1742 692 1776 VIII
723 1753 755 1786 p.
784 1745 847 1777 119
880 1746 976 1786 (app.
1009 1753 1041 1775 n.
1066 1745 1123 1784 29)
1155 1741 1282 1775 incerti
1320 1741 1488 1785 temporis
1527 1740 1575 1783 (in
1612 1740 1679 1774 hoc

185 1799 289 1833 titulo
315 1799 579 1834 distinctionem
605 1809 696 1843 pono
729 1809 798 1833 non
831 1803 928 1843 post,
961 1799 1022 1833 sed
1054 1804 1135 1832 ante
1168 1808 1293 1832 nomen
1325 1795 1511 1841 Ῥωμαίων,
1544 1802 1582 1831 nt
1611 1797 1678 1831 hoc

188 1856 367 1900 pertineat
393 1855 437 1889 ad
467 1856 520 1888 »οἱ
546 1856 583 1888 ἐν
611 1855 714 1900 Δήλῳ
739 1856 999 1900 ἐργαζόμενυια
1027 1856 1124 1890 velut
1149 1856 1184 1889 in
1210 1854 1439 1899 praecedenti
1464 1855 1608 1898 lapide).

299 1915 328 1956 5)
354 1912 650 1947 Athenienses
682 1917 723 1946 et
753 1912 953 1947 Romani:
986 1913 1077 1946 Bull.
1104 1912 1146 1947 de
1178 1923 1248 1947 cor.
1280 1911 1372 1946 Hell.
1403 1912 1453 1946 IV
1483 1915 1551 1946 220
1582 1914 1677 1955 (app.

187 1981 219 2004 n.
237 1972 296 2012 44)
321 1970 448 2004 incerti
474 1970 660 2013 temporis3
688 1969 784 2004 CIGr
810 1972 898 2005 2287
925 1975 1021 2013 (app.
1047 1982 1079 2004 n.
1098 1972 1166 2010 37).

302 2027 331 2069 6)
356 2025 507 2060 Italici
534 2030 575 2060 et
599 2025 774 2061 Graeci:
807 2026 899 2061 Bull.
926 2027 968 2061 de
994 2037 1062 2061 cor.
1090 2027 1180 2061 Hell.
1213 2028 1261 2061 IV
1287 2030 1353 2061 219
1379 2028 1471 2070 (app.
1499 2037 1530 2060 n.
1549 2027 1604 2069 23)
1636 2036 1678 2060 ex

188 2083 302 2118 medio
328 2083 401 2118 fere
428 2083 569 2117 saeculo
596 2083 750 2117 secundo
778 2093 807 2117 a.
827 2083 908 2118 Chr.
927 2095 976 2127 ης
1009 2084 1085 2119 CIL
1111 2085 1160 2118 III
1188 2084 1310 2128 Suppl.
1337 2086 1426 2118 7240
1449 2087 1545 2126 (app,
1572 2093 1603 2116 n.
1621 2085 1678 2121 33)

188 2140 230 2174 A.
249 2139 437 2174 Terentius
454 2139 579 2184 Varro,
606 2141 666 2184 qui
692 2141 727 2174 in
754 2141 856 2176 titulo
883 2147 1189 2185 commemoratur,
1216 2147 1268 2176 est
1295 2142 1335 2184 is,
1362 2141 1420 2184 qui
1439 2150 1530 2174 anno
1553 2141 1625 2178 679,
1637 2141 1679 2173 75

188 2197 466 2241 repetundarum
492 2203 680 2233 accusatus
707 2203 771 2233 est.

303 2255 329 2298 ⁷)
355 2253 653 2290 Athenienses
685 2262 725 2290 et
757 2255 934 2290 Romani
968 2256 1194 2299 ceterique
1222 2255 1396 2290 Graeci:
1423 2254 1513 2288 Bull.
1540 2253 1581 2287 de
1608 2263 1676 2286 cor.

187 2310 278 2345 Hell.
306 2311 337 2343 V
362 2321 395 2354 p.
412 2314 479 2346 463
511 2315 607 2355 (app.
634 2323 666 2346 n.
684 2316 742 2355 24)
774 2324 817 2348 ex
849 2313 963 2347 medio
996 2313 1069 2347 fere
1105 2314 1246 2347 saeculo
1280 2311 1434 2347 secundo
1466 2321 1495 2343 a.
1523 2309 1601 2343 Chr.
1628 2320 1677 2343 n.:

187 2367 262 2402 CIL
287 2367 337 2401 III
370 2367 492 2411 Suppl.
518 2370 606 2403 7237
639 2373 734 2413 (app.
762 2380 793 2402 n.
812 2372 871 2405 32)
903 2368 942 2403 L.
970 2368 1131 2403 Licinius
1165 2368 1335 2402 Lucullus
1368 2369 1401 2400 iu
1434 2366 1537 2399 titulo
1569 2364 1676 2398 nomi-

186 2429 291 2459 natus
317 2430 484 2468 quaestor
509 2426 611 2461 annis
637 2429 764 2469 666s88
797 2431 859 2460 aut
891 2428 1017 2469 667ss7
1051 2431 1123 2460 tum
1151 2426 1272 2459 Asiam
1306 2435 1367 2468 pro
1399 2428 1586 2466 quaestore
1617 2420 1676 2453 aa·

187 2481 418 2525 ministravit3
456 2482 547 2516 Bull.
575 2482 617 2517 de
643 2493 670 2516 c.
704 2482 796 2516 Hell.
823 2482 872 2516 III
898 2493 931 2526 p.
954 2486 1009 2517 151
1049 2490 1144 2525 (app.
1172 2493 1203 2515 n.
1222 2484 1299 2523 3813
1332 2480 1412 2513 ibid.
1440 2490 1472 2522 p.
1496 2481 1556 2512 1515
1582 2482 1676 2519 (app.

188 2550 219 2573 n.
241 2541 310 2583 39),
337 2539 421 2572 VIII
448 2550 479 2582 p.
501 2541 564 2575 175
590 2544 685 2583 (app.
714 2551 746 2573 n.
765 2542 834 2583 40),
861 2539 911 2573 III
938 2551 969 2583 p.
988 2541 1054 2574 373
1082 2540 1174 2582 (app.
1202 2550 1232 2571 11.
1251 2541 1316 2579 42).

301 2596 332 2639 8)
364 2595 664 2630 Athenienses
702 2601 746 2631 et
775 2596 953 2630 Romani
993 2595 1218 2637 ceterique
1257 2592 1478 2636 peregrini
1517 2599 1676 2623 merca-

189 2657 325 2689 tores:
365 2651 457 2686 Bull.
491 2652 533 2686 de
566 2663 634 2687 cor.
667 2653 758 2687 Hell.
785 2653 867 2686 VIII
903 2664 934 2696 p.
964 2656 1024 2687 123
1057 2657 1152 2695 (app.
1186 2662 1216 2684 n.
1242 2654 1299 2690 26)
1333 2660 1374 2682 cx
1408 2658 1497 2682 anno
1529 2649 1670 2689 6⁴{3s111
