1928 2884
796 83 1075 121 -14-

187 210 284 248 tium
315 209 421 246 velut
452 207 662 253 Trallibus,
695 207 907 254 Gortynae,
940 204 1197 255 Mogontiaci,
1229 204 1268 244 in
1299 205 1436 256 paucis
1469 205 1685 245 Galliarum

187 278 420 324 civitatibus,
453 285 572 326 atque
603 276 719 314 etiarn
752 273 984 312 decuriones
1015 274 1232 312 eorundem
1255 272 1503 325 Gortynae¹)
1534 281 1571 312 et
1597 276 1686 312 Mo-

185 346 370 396 gontiaci.
423 345 554 392 Adde,
588 344 698 393 quod
724 341 856 380 »cives
880 340 1077 391 Romani,
1111 340 1184 395 qui
1206 339 1451 393 Mytileaeis
1472 341 1686 395 reeyote‘au-

188 410 338 464 tar-(st),
376 422 584 463 patronum
616 423 729 449 suum
761 411 972 449 honorant.
1035 412 1180 459 Quare,
1214 410 1244 448 si
1274 411 1373 449 haec
1403 411 1549 458 omnia,
1582 423 1685 461 quae

185 482 394 524 attulimus,
427 480 732 526 consideramuS,
771 478 886 516 nimis
917 479 1105 517 audacter
1135 479 1331 527 concludi,
1374 480 1405 518 si
1436 493 1573 518 omnes
1604 481 1687 518 Ro-

186 562 342 596 manos,
386 549 453 598 qui
490 549 623 597 aliquo
660 547 699 585 in
735 548 826 585 loco
867 547 1144 595 consistentes,
1186 555 1253 586 aut
1289 548 1533 598 negotiantes
1569 548 1686 599 signi-

183 620 365 663 ficantur,
412 617 664 667 collegiorum
707 617 830 654 modo
866 616 979 665 quasi
1019 618 1187 654 formam
1227 616 1466 667 reipublicae
1503 617 1686 668 propriae

182 687 280 724 inter
309 685 533 736 peregrinos
564 684 746 723 habuisse
777 696 986 734 ponamus,
1021 684 1108 733 quis
1139 692 1209 732 est,
1242 685 1310 734 qui
1341 683 1514 735 dicat³)?

298 797 322 840 1)
348 795 497 839 Ephem.
517 795 628 838 epigr.
644 794 711 828 VII
736 805 769 837 p.
790 797 857 830 425
882 804 915 828 n.
934 798 954 829 5
980 801 1075 837 (app.
1093 805 1126 828 n.
1144 797 1220 839 52);
1246 795 1376 838 quibus
1394 806 1438 830 ex
1455 795 1573 830 causis
1591 795 1686 829 hunc

181 854 324 888 titulum
350 854 401 887 sic
426 853 653 896 interpreter,
679 852 919 895 conferantur,
945 861 1037 895 quae
1063 851 1157 886 infra
1181 863 1214 896 p.
1233 855 1277 888 29
1303 852 1489 887 disseram.

297 910 324 956 2)
351 910 426 945 CIL
449 909 502 944 III
526 907 593 945 455
619 912 714 954 (app.
740 921 773 944 n.
791 913 860 951 48).

295 969 323 1011 3)
348 968 448 1002 Haec
478 968 571 1001 ratio
603 967 831 1002 consociandi
863 977 940 1002 sese
971 978 1051 1002 cum
1083 967 1165 1002 aliis
1199 967 1358 1002 eiusdem
1391 967 1547 1011 patriae,
1584 967 1686 1011 iuris,

183 1024 401 1059 condicionis
426 1025 629 1060 hominibus
654 1025 749 1060 inter
774 1031 915 1059 exteros
940 1035 1011 1059 non
1037 1024 1133 1069 apud
1159 1024 1339 1059 Romanos
1365 1025 1459 1060 solos
1488 1029 1589 1059 extra
1614 1024 1687 1058 Ita·

182 1081 266 1116 liam
292 1082 529 1117 consistentes
555 1082 744 1117 invenitur.
804 1083 1030 1126 Ubicumque
1057 1083 1151 1116 enim
1182 1082 1315 1117 maiore
1345 1092 1493 1117 numero
1524 1081 1686 1116 homines

182 1139 306 1174 eadem
332 1150 376 1173 ex
401 1139 488 1174 urbe
514 1139 569 1174 vel
593 1139 739 1183 regione
765 1140 834 1174 orti
860 1139 896 1173 in
923 1139 1042 1173 aliena
1076 1139 1220 1174 civitate
1253 1138 1473 1182 peregrinati
1505 1149 1583 1173 esse
1615 1143 1686 1172 tra-

182 1195 332 1240 duntur,
369 1196 574 1240 accepimus
610 1198 717 1231 etiam
755 1195 798 1230 de
836 1206 957 1230 eorum
995 1196 1175 1241 conciliis,
1212 1196 1464 1240 societatibus,
1502 1195 1687 1240 aedificiis,

181 1253 324 1297 templis
356 1254 600 1288 communibus
636 1259 701 1288 cet.
758 1253 833 1287 Iam
863 1263 894 1287 a.
918 1256 985 1289 333
1018 1263 1049 1288 a.
1076 1254 1156 1288 Chr.
1191 1253 1378 1297 plebiscito
1411 1252 1686 1288 Atheniensium

181 1309 308 1354 (CIAtt
329 1310 363 1343 Π
392 1313 406 1344 1
435 1321 467 1344 n.
496 1313 572 1354 168)
605 1310 863 1345 mercatoribus
894 1310 1112 1345 Citiensibus
1153 1310 1285 1354 (agitur
1311 1310 1353 1344 de
1386 1310 1477 1344 Citio
1504 1310 1540 1343 in
1569 1309 1685 1354 Cypro

182 1367 300 1401 insula
326 1368 406 1412 sito)
433 1378 641 1402 concessum
668 1373 733 1412 est,
759 1373 798 1402 ut
816 1368 852 1402 in
869 1367 997 1402 Piraeo
1016 1367 1187 1412 templum
1206 1367 1345 1402 veneris
1363 1367 1431 1401 sibi
1449 1370 1685 1409 exstruerent,

181 1423 276 1466 quod
301 1424 472 1468 Aegyptii
498 1430 715 1460 mercatores
741 1425 812 1459 iam
838 1424 961 1459 eodem
987 1425 1063 1459 loco
1091 1425 1260 1469 templum
1285 1424 1391 1459 Isidis
1423 1424 1597 1459 haberent
1629 1423 1684 1468 (cf.

182 1480 223 1515 U.
241 1480 377 1515 Kohler
394 1481 513 1515 Herm.
535 1482 564 1516 V
590 1493 622 1526 p.
638 1485 843 1525 351—353).
888 1482 1060 1516 Similiter
1077 1481 1288 1526 Phoenices,
1308 1481 1388 1525 Syri
1405 1480 1460 1525 (cf.
1479 1480 1574 1514 infra
1591 1492 1623 1525 p.
1641 1483 1686 1515 22

182 1542 218 1571 et
240 1536 299 1571 fin.
319 1538 433 1581 partis
452 1538 602 1583 tertiae,
628 1539 864 1573 Friedlander
881 1539 980 1573 Rom.
1001 1539 1239 1583 Sittengesch.
1257 1539 1291 1572 II
1314 1550 1348 1583 p.
1363 1540 1406 1573 78
1424 1540 1508 1582 sq.),·
1527 1538 1686 1572 Alexan-

181 1594 275 1628 drini
302 1594 413 1639 (ClGr
438 1598 529 1630 2024
552 1595 798 1640 Ἀλεξανδρεῖς
824 1597 855 1629 οἱ
882 1598 1224 1640 πραγματευόμενοι
1251 1597 1288 1628 ἐν
1319 1594 1529 1640 ΙΙερίνθῳ((;
1561 1595 1603 1629 de
1630 1604 1685 1629 SO-

181 1651 310 1685 cietate
343 1652 671 1687 Alexandrinorum
697 1653 816 1687 Tomis
844 1652 923 1688 vide
949 1653 1112 1688 Momms.
1145 1653 1222 1688 RG.
1247 1653 1277 1687 V
1310 1664 1344 1697 p.
1368 1655 1445 1687 284.
1475 1655 1522 1696 1),
1556 1651 1686 1687 Graeci

181 1707 239 1749 (cf.
267 1717 295 1741 e.
324 1718 354 1742 c.
390 1708 445 1741 »οἱ
471 1709 507 1740 ἐν
535 1709 587 1754 τῷ
615 1710 731 1742 Δέλτα
757 1714 819 1753 τ’,ς
845 1709 1019 1752 Αἰγύπτου
1045 1711 1101 1742 καὶ
1129 1710 1161 1742 οἱ
1187 1710 1251 1753 τὴν
1283 1709 1461 1755 Θηβαϊκὸν
1497 1711 1601 1750 νομὸν
1635 1710 1685 1743 οἰ-

180 1767 327 1803 κοῦντες
345 1763 529 1810 Ἕλληνεςα
557 1765 594 1799 in
619 1765 673 1800 tit.
701 1765 799 1800 CIGr
814 1767 922 1809 46793
952 1776 1021 1809 quo
1046 1766 1150 1800 titulo
1169 1766 1208 1800 P.
1228 1766 1353 1801 Aelius
1372 1766 1550 1801 Aristides
1575 1766 1685 1801 hono-

179 1826 279 1856 ratur
305 1823 365 1866 qui
394 1828 470 1857 erat
496 1823 532 1856 in
559 1824 724 1867 Aegypto
751 1823 847 1857 circa
873 1833 952 1857 ann.
978 1833 1011 1866 p.
1037 1823 1117 1857 Chr.
1146 1824 1338 1866 145—147)
1363 1823 1588 1867 maximeque
1614 1833 1685 1858 om-

179 1879 283 1913 nibus
315 1879 389 1913 fere
422 1879 510 1914 locis
542 1879 668 1913 Iudaei
703 1879 898 1914 consociati
932 1880 1123 1914 exstabant
1156 1880 1252 1924 apud
1290 1885 1431 1914 exteros
1471 1882 1686 1925 (memoratu

179 1936 306 1980 dignus
339 1947 425 1981 prae
458 1936 589 1971 ceteris
622 1936 762 1971 videtur
794 1937 847 1971 tit.
880 1937 971 1971 Bull.
1006 1936 1048 1971 de
1081 1947 1151 1972 cor.
1179 1937 1271 1971 Hell.
1299 1936 1385 1971 XIII
1410 1948 1443 1981 p.
1467 1940 1547 1982 179,
1581 1948 1686 1981 quem

180 2003 251 2027 una
275 2004 355 2028 cum
380 1993 589 2028 Ptolemaeo
616 1994 788 2039 quodam,
821 1995 882 2037 qui
911 1997 950 2028 »ὁ
982 1995 1178 2040 ἐπιστάτης
1210 1999 1283 2028 τῶν
1316 1994 1539 2037 postumam
1574 1994 1686 2029 nomi-

180 2056 295 2095 natur,
326 2051 380 2084 »02
406 2052 441 2083 ἐν
457 2051 615 2094 Ἆθρίβει
639 2049 819 2084 Ἰυωδαῖυω
848 2056 1045 2095 posuerunt
1070 2051 1106 2085 in
1132 2051 1303 2086 honorem
1320 2051 1518 2085 Ptolemaei
1535 2052 1580 2095 (V
1598 2051 1687 2096 Epi-

179 2108 337 2153 phanis?
381 2108 424 2143 cf.
459 2119 581 2143 comm.
615 2109 683 2151 tit.)
717 2114 752 2142 et
785 2109 1007 2153 Cleopatrae.
1069 2109 1235 2143 Ceterum
1272 2110 1314 2143 cf.
1353 2108 1515 2143 Momms.
1553 2107 1618 2142 RG
1656 2108 1686 2143 V

180 2176 212 2209 p.
230 2168 298 2200 470
317 2176 368 2208 sq.
395 2171 430 2200 et
449 2166 605 2200 Schurer
631 2166 759 2202 Gesch.
787 2167 848 2202 des
869 2168 946 2211 jud.
966 2167 1099 2202 Volkes
1124 2167 1158 2202 II
1184 2179 1218 2212 p.
1237 2170 1304 2202 520
1322 2170 1422 2211 sqq.).
1464 2168 1518 2202 De
1542 2167 1686 2201 Iudaeis

178 2222 274 2257 idem
299 2233 364 2267 per
390 2229 502 2258 totum
527 2223 701 2268 medium,
728 2225 823 2268 quod
848 2225 990 2270 dicitur,
1017 2236 1142 2260 aevum
1167 2225 1345 2269 videmus,
1380 2235 1451 2268 qua
1475 2229 1593 2259 aetate
1620 2223 1685 2258 sub

178 2281 349 2324 magistro
377 2282 431 2316 vel
457 2282 624 2326 episcopo
651 2282 707 2316 vel
732 2283 1016 2327 archisynagogo
1051 2288 1086 2317 et
1110 2283 1255 2327 proprio
1291 2281 1481 2316 »consilio«
1516 2280 1553 2314 in
1585 2279 1684 2323 oppi-

179 2337 234 2371 dis
265 2338 477 2373 habitabant
513 2338 570 2383 (cf.
605 2338 738 2373 Gierke
771 2340 942 2374 Deutsch.
978 2338 1328 2374 Genossenschaftsr.
1361 2337 1378 2371 I
1410 2349 1445 2381 p.
1471 2340 1538 2373 337
1546 2339 1684 2380 —3393

180 2396 219 2429 O.
240 2395 370 2430 Stobbe
396 2396 463 2430 Die
487 2396 608 2430 duden
633 2396 669 2430 in
695 2396 904 2441 Deutschl.).
954 2396 1082 2430 Restat
1107 2402 1147 2431 ut
1171 2400 1409 2430 mercatorum
1427 2394 1686 2428 Germanorum

179 2452 266 2487 locis
299 2453 456 2487 externis
490 2452 760 2487 consistentium
791 2454 983 2487 societates
1016 2452 1175 2486 eiusdem
1207 2451 1358 2496 aetatis,
1392 2460 1483 2495 quae
1517 2449 1682 2496 »yildae«

179 2510 235 2543 vel
269 2509 450 2544 »hausere«
483 2510 521 2544 in
545 2509 703 2544 fontibus
735 2509 982 2553 appellantur,
1014 2519 1300 2553 commemorem,
1333 2508 1463 2552 quibus
1495 2510 1687 2550 praeerant

180 2578 271 2601 unus
296 2567 351 2602 vel
376 2567 497 2610 plures
522 2567 687 2611 magistri
718 2566 859 2601 nomine
894 2567 1149 2600 »alteo-mann«
1177 2571 1212 2600 et
1239 2565 1470 2600 »consilium«
1504 2563 1684 2598 seniorum

182 2624 235 2661 vel
260 2624 454 2659 electorum
481 2624 636 2659 virorum
662 2623 755 2666 (vide
782 2622 915 2658 Gierke
941 2622 962 2657 l.
988 2623 1010 2657 1.
1036 2634 1069 2667 p.
1088 2624 1294 2670 349-357).
