1928 2884
207 181 423 232 exstant¹),
462 196 589 233 neque
620 183 736 230 illud,
779 183 889 232 quod
920 190 1034 220 antea
1071 181 1293 232 posuimus,
1334 184 1541 231 refutatur,
1581 196 1707 233 neque

206 252 270 290 illa
301 252 539 290 Mommseni
571 251 761 290 sententia
789 252 970 300 exemplo
1003 258 1218 288 conventus
1251 252 1429 301 Capuae,
1463 263 1580 301 quem
1611 263 1704 289 cun·-

207 321 297 358 dem
328 319 367 357 in
398 321 555 370 regione
596 320 753 358 civitate
785 322 969 358 Romana
1010 320 1158 357 donata
1196 320 1427 369 perdurasse
1469 332 1562 358 mox
1599 319 1708 358 vide—

207 388 344 426 bimus.

323 455 432 505 Quid
462 464 592 494 autem
626 463 734 493 erant
765 454 1088 506 congregationes
1121 455 1264 492 civium
1298 457 1599 495 Romanorum?
1645 469 1710 494 ne-

207 537 282 574 que
313 532 420 563 erant
452 524 625 574 collegia,
659 524 750 573 quia
779 531 906 573 partes
939 523 1043 562 urbis
1075 523 1235 561 alicuius
1268 537 1348 562 non
1379 531 1487 562 erant
1517 532 1636 574 atque
1666 538 1711 562 ex

208 593 321 630 variis
352 590 601 643 generibus2)
642 592 799 643 negotia
829 592 1046 643 gerentium
1078 593 1336 640 constabant,
1377 604 1505 642 neque
1536 593 1710 631 civitates

208 661 351 698 civ'ium
384 664 678 705 Romanorum,
718 661 811 711 quia
841 662 923 699 iure
953 660 1057 699 urbis
1090 661 1286 701 carebant.
1348 663 1469 699 Erant
1507 662 1712 700 societates

208 729 350 767 civium
383 738 590 778 quaestum
622 730 862 777 facientium,
895 741 995 779 quos
1026 730 1086 767 ius
1116 729 1373 779 praecipuum
1404 730 1711 780 communiaque

208 797 408 848 privilegia
438 799 537 835 inter
567 799 746 836 homines
779 798 969 836 inferioris
1007 797 1098 836 iuris
1141 797 1425 837 coniunxerant
1457 799 1508 837 ad
1551 812 1713 849 congre-

207 866 384 915 gationes
414 878 495 903 non
520 873 598 904 arte
630 866 845 917 colligatas,
877 874 919 904 ut
952 866 1125 916 aliquam
1157 867 1393 916 reipublicae
1423 869 1590 906 formam
1619 880 1714 905 con-

209 934 407 987 stituerent
449 945 617 984 suasque
656 947 714 972 res
754 934 828 984 ipsi
870 935 1199 975 administrarent.
1271 938 1363 973 Duo
1401 943 1532 973 autern
1573 948 1716 985 genera

208 1003 345 1040 harum
386 1003 618 1040 societatum
660 1003 809 1053 seiungi
849 1010 1023 1052 possunt.
1091 1004 1195 1041 Nam
1236 1005 1267 1041 si
1305 1003 1343 1041 in
1383 1003 1436 1042 eis
1477 1004 1605 1054 terris,
1646 1002 1714 1042 ubi

209 1070 399 1121 peregrini
431 1071 611 1108 homines
654 1071 694 1108 in
734 1071 894 1109 urbibus
935 1072 1186 1119 habitabant,
1220 1073 1393 1110 Romani
1434 1071 1713 1120 consistebant,

208 1140 308 1177 intra
340 1139 493 1177 urbium
527 1150 659 1177 muros
691 1139 897 1177 societates
929 1139 1120 1177 eiusmodi
1162 1141 1452 1187 condebantur3
1492 1141 1560 1179 ubi
1600 1141 1715 1179 urbes

211 1220 291 1245 non
325 1206 636 1257 reperiebantur,
677 1208 745 1245 sed
778 1209 853 1245 vici
886 1208 959 1246 soli
991 1209 1288 1258 indigenarum,
1322 1209 1646 1260 congregationes
1675 1209 1716 1246 in

210 1277 270 1313 his
302 1276 531 1314 constitutas
564 1277 751 1325 paulatim
783 1277 833 1314 ad
866 1273 1161 1315 similitudinem
1194 1277 1431 1327 oppidorum
1464 1277 1611 1316 civium
1634 1279 1717 1315 Ro-

212 1356 419 1382 manorum
450 1357 672 1394 progressas
704 1358 787 1383 esse
818 1353 1125 1384 consentaneum
1157 1353 1225 1386 est.
1284 1347 1411 1385 Urbes
1443 1353 1573 1385 autem
1604 1358 1714 1396 grae-

213 1426 292 1460 cae,
325 1420 390 1450 aut
420 1413 583 1459 italicae,
617 1421 683 1451 aut
715 1427 737 1451 a
767 1415 1028 1453 Phoenicibus
1061 1414 1244 1453 conditae
1275 1422 1402 1453 aetate
1433 1414 1715 1453 efflorescentis

213 1482 358 1519 liberae
388 1482 625 1531 reipublicae
657 1489 822 1521 exeunte
859 1489 970 1520 sexto
1011 1484 1167 1520 saeculo
1199 1496 1233 1522 a.
1267 1494 1304 1522 u,
1339 1496 1372 1523 c,
1416 1489 1524 1521 extra
1560 1481 1716 1520 Italiam

212 1551 252 1588 in
275 1550 417 1596 Sicilia,
451 1551 490 1589 in
514 1552 658 1595 Africa,
693 1564 792 1601 quae
821 1552 982 1601 quidem
1006 1551 1393 1601 Carthaginiensibus
1426 1551 1602 1589 subiecta
1623 1558 1716 1597 erat,

211 1618 251 1656 in
283 1619 451 1657 Graecia
481 1627 517 1657 et
547 1619 721 1658 finitimis
753 1621 884 1667 terris,
927 1619 966 1657 in
999 1620 1183 1658 omnibus
1222 1621 1300 1657 fere
1333 1618 1503 1658 Orientis
1542 1620 1717 1670 partibus

212 1695 331 1727 erant.
395 1689 454 1727 Ibi
485 1689 601 1739 igitur
632 1689 732 1727 intra
762 1691 876 1728 urbes
909 1690 1113 1727 societates
1144 1688 1245 1730 illae,
1278 1699 1379 1738 quae
1410 1688 1523 1737 quasi
1555 1688 1719 1738 collegia

213 1759 503 1808 negotiatorum
535 1757 666 1796 multis
704 1758 926 1796 commodis
967 1765 1176 1796 exornatae
1216 1769 1295 1795 una
1334 1769 1423 1795 cum
1463 1758 1617 1796 civibus
1657 1769 1719 1795 ur-

329 1905 354 1942 1)
381 1903 461 1936 Huc
493 1903 648 1947 pertinet
675 1902 827 1946 primum
864 1902 990 1936 titulus
1021 1902 1201 1936 Bracarae
1236 1903 1423 1945 Augustae
1459 1902 1495 1936 in
1530 1901 1718 1946 Hispania,

214 1960 290 1995 CIL
316 1960 349 1993 Π
375 1962 464 1994 2423
491 1960 584 2004 (app.
612 1971 644 1993 n.
663 1961 732 2003 99),
759 1970 864 2002 quem
891 1959 1032 1993 saeculo
1057 1958 1214 1993 seeundo
1240 1970 1273 2002 p.
1293 1959 1374 1993 Chr.
1396 1970 1428 1993 n.
1456 1959 1610 2003 positum
1629 1969 1718 2003 esse,

214 2017 307 2061 quod
344 2018 538 2060 Augusti
578 2017 613 2050 in
647 2027 688 2051 eo
722 2021 1057 2060 commemorentur,
1094 2016 1160 2049 viri
1197 2015 1394 2050 doctissimi
1432 2015 1625 2059 opinantur
1661 2015 1717 2060 (cf.

213 2074 413 2108 Mommsen
441 2074 488 2108 ad
514 2074 589 2109 CIL
614 2074 664 2107 III
695 2074 816 2117 Suppl.
845 2075 956 2117 7240).
1018 2073 1086 2107 Sed
1113 2073 1238 2107 titulus
1265 2078 1319 2107 est
1344 2072 1445 2106 valde
1471 2073 1671 2108 mutilatus:
1699 2083 1720 2107 a

213 2131 406 2164 Huebnero
435 2130 508 2164 solo
535 2130 666 2173 legitur
692 2129 844 2171 AVGG,
871 2129 1092 2174 exemplaria
1115 2129 1255 2172 reliqua
1278 2129 1412 2163 habent
1428 2129 1538 2163 AVG.
1581 2128 1719 2164 Deinde

213 2188 338 2221 titulus
365 2187 400 2221 in
418 2187 762 2221 Franco-Gallorum
788 2187 885 2231 urbe,
912 2196 1004 2230 quae
1029 2186 1233 2220 nominatur
1251 2186 1366 2230 Auch,
1392 2190 1557 2230 repertus
1583 2186 1719 2229 (Revue

215 2245 326 2288 epigr.
354 2245 399 2278 du
425 2244 510 2278 midi
535 2244 577 2278 de
603 2245 638 2278 la
656 2244 794 2278 France
820 2245 837 2278 I
861 2247 905 2279 20
930 2245 1045 2288 (1882)
1073 2254 1128 2278 no.
1148 2247 1214 2279 333
1243 2245 1336 2289 [app.
1362 2254 1394 2277 n.
1417 2243 1517 2288 106]),
1544 2254 1649 2287 quem
1674 2244 1720 2278 ad

215 2302 344 2336 civium
370 2301 611 2335 Romanorum
637 2302 673 2335 in
694 2301 908 2336 Ausciorum
934 2301 1078 2335 civitate
1106 2301 1420 2344 congregationem
1445 2301 1572 2335 refero.
1615 2300 1719 2335 Hanc

215 2363 334 2392 autem
360 2358 542 2392 civitatem
567 2358 622 2392 ius
647 2359 798 2392 latinum
824 2358 993 2393 habuisse
1018 2359 1089 2392 iam
1115 2358 1242 2392 Strabo
1266 2358 1315 2392 IV
1339 2361 1369 2392 2.
1389 2361 1410 2392 2
1436 2362 1599 2401 testatur,
1625 2357 1720 2401 quod

216 2415 266 2449 eis
293 2416 336 2449 ab
355 2416 519 2459 Augusto
547 2416 668 2449 datum
696 2426 773 2450 esse
792 2415 1033 2449 Hirschfeldio
1052 2415 1192 2449 videtur
1211 2415 1354 2456 (Gesch.
1374 2415 1436 2449 des
1454 2414 1553 2449 latin.
1572 2414 1719 2459 Rechts,

215 2472 393 2506 Festschr.
421 2483 449 2505 z.
477 2471 786 2515 Grundungsfeier
811 2472 872 2507 des
899 2472 1055 2507 archaol.
1081 2472 1167 2505 Inst.
1194 2483 1227 2515 p.
1247 2473 1290 2515 9).

329 2529 356 2572 2)
382 2529 459 2563 Hoc
493 2540 520 2564 e.
548 2540 575 2563 c.
609 2529 740 2563 dicitur
772 2528 814 2563 de
847 2534 1022 2564 conventu
1054 2528 1234 2573 Uticensi,
1266 2527 1368 2562 Caes.
1401 2528 1480 2562 bell.
1514 2527 1578 2562 civ.
1603 2528 1638 2562 II
1664 2530 1719 2563 36.

217 2584 314 2628 Quae
341 2585 482 2630 Herzog
506 2586 574 2620 hoc
598 2586 674 2620 loco
702 2586 859 2631 adnotat,
887 2585 987 2620 valde
1014 2596 1180 2631 perverse
1207 2584 1367 2619 iudicata
1392 2588 1483 2620 sunt.
