1907 2905
657 275 1116 331 ADDENDA.

256 429 342 463 Cum
374 429 443 463 iam
476 429 759 465 dissertationem
791 432 883 466 hanc
915 433 1136 476 typographo
1170 433 1411 478 tradidissem,
1438 435 1631 470 Mitteisi

140 485 231 520 liber
261 486 508 527 (Reichsrecht
533 487 605 521 und
631 488 845 523 Volksrecht
876 489 911 523 in
945 489 1012 523 den
1044 490 1122 524 ostl.
1149 489 1250 524 Prox'.
1283 490 1344 525 des
1376 495 1460 526 rom.
1486 492 1629 526 Kaiser-

141 542 268 576 reichs.
305 541 455 587 Leipzig
482 544 580 587 1891)
611 543 698 577 mihi
725 544 760 578 in
786 555 911 579 manus
938 546 1042 588 venit,
1069 548 1104 580 in
1130 557 1198 589 quo
1225 547 1313 581 libro
1338 552 1445 590 caput
1469 548 1631 591 quintum

142 598 187 643 (p.
209 601 399 642 143—158)
427 600 637 643 inscriptum
669 604 722 634 est
756 600 963 635 »Romische
989 601 1128 644 Biirger
1152 602 1187 635 in
1214 602 1281 636 den
1306 602 1535 646 Provinzen«,
1561 612 1630 646 quo

145 660 317 699 quantum
344 656 388 689 ad
414 656 494 690 iura
511 656 671 690 Romana
697 667 759 700 per
784 662 895 691 totum
920 658 1106 702 imperium
1131 659 1361 702 propaganda
1384 659 1421 692 hi
1446 660 1632 703 valuerint,

143 712 414 747 demonstratur.
471 712 600 755 Agitur
631 723 709 747 cum
742 713 784 747 de
821 713 1059 749 Romanorum
1091 715 1127 748 in
1163 715 1352 758 provinciis
1390 716 1554 759 coloniis,
1588 715 1630 749 de

142 768 421 812 provincialibus
440 769 495 812 iis,
521 769 583 812 qui
602 768 791 812 stipendiis
808 769 863 803 vel
881 770 1148 812 magistratibus
1166 771 1221 804 vel
1246 771 1315 804 alio
1333 771 1435 805 modo
1453 771 1632 805 civitatem

143 824 338 858 Romanam
363 826 517 858 assecuti
549 829 666 867 erant,
699 829 773 858 tum
799 824 841 858 de
873 825 1008 859 civibus
1034 825 1203 860 Romanis
1235 826 1270 860 in
1295 827 1495 869 provincias
1520 827 1632 860 immi-

143 880 328 924 grantibus
346 879 466 923 ibique
484 881 759 915 consistentibus
776 884 822 925 (p.
844 884 1020 917 143—145
1040 887 1075 917 et
1092 894 1124 926 p.
1147 886 1346 926 149-151>.
1384 894 1416 926 p.
1435 887 1497 918 144
1514 883 1593 917 adn.
1612 887 1633 918 4

143 937 193 973 M.
219 947 340 971 eorum
372 937 408 970 in
441 936 595 972 Orientis
626 938 731 973 terris
763 940 1072 983 congregationes,
1104 950 1192 983 quas
1223 941 1402 984 cognovit,
1439 944 1633 984 enumerat,

142 994 235 1028 inter
251 1003 340 1037 quas
359 993 565 1027 societatem
582 994 821 1029 Romanorum
839 995 1044 1039 Megarae
1072 996 1339 1030 consistentium
1364 996 1450 1029 mihi
1475 996 1633 1039 ignotam

143 1050 274 1084 attulit.
314 1050 383 1084 Sed
408 1054 448 1084 ut
472 1050 507 1083 in
533 1051 766 1094 appendicem
784 1053 991 1096 reciperem,
1017 1052 1095 1086 fieri
1118 1052 1244 1096 potuit.
1281 1053 1499 1096 Magnopere
1517 1056 1634 1086 autem

142 1116 220 1141 mea
245 1106 414 1152 intereat,
447 1106 532 1150 quid
558 1106 625 1140 sibi
651 1106 739 1140 velle
764 1106 950 1141 formulam
979 1113 1192 1142 »conventus
1219 1107 1348 1140 civium
1373 1107 1631 1141 Romanorum«

141 1162 202 1197 ille
233 1162 286 1196 vir
316 1162 542 1197 doctissimus
577 1162 746 1197 crederet.
802 1163 927 1197 Liceat
958 1163 1044 1197 mihi
1077 1164 1113 1197 in
1148 1163 1214 1197 hac
1248 1174 1285 1197 re
1319 1163 1528 1197 difficillima
1559 1164 1635 1198 eius

72 1232 77 1236 ·
142 1218 249 1253 verba
273 1218 353 1262 ipsa
378 1218 521 1253 afferre:
557 1219 627 1252 »Es
653 1219 738 1253 lasst
764 1219 849 1257 sich,
866 1219 975 1254 leicht
1000 1220 1191 1263 erkennen,
1218 1219 1295 1254 dass
1321 1220 1418 1255 diese
1444 1226 1635 1255 conventus

141 1275 239 1311 eine
266 1275 538 1319 organisirte
558 1276 869 1320 Corporation,
895 1276 1200 1319 gewissermassen
1224 1276 1281 1310 ein
1300 1276 1474 1311 Patriciat
1496 1277 1536 1310 in
1563 1277 1637 1311 der

143 1332 376 1367 Gemeinde
407 1344 452 1367 zu
483 1332 602 1367 bilden
634 1332 808 1377 pflegten,
846 1332 998 1367 welches
1036 1333 1112 1367 sich
1144 1343 1210 1367 von
1250 1333 1318 1368 den
1349 1334 1499 1376 iibrigen
1534 1333 1636 1367 kauf-

142 1389 374 1424 mannischen
397 1388 792 1424 Landsmannschaften
818 1389 885 1423 wie
917 1399 961 1423 an
986 1389 1075 1423 Zahl
1108 1400 1145 1424 so
1173 1390 1264 1424 auch
1296 1401 1341 1424 an
1366 1390 1535 1425 Ansehen
1565 1390 1635 1424 und

143 1446 349 1491 politischer
373 1445 586 1489 Bedeutung
611 1446 747 1481 abhob«
776 1448 822 1490 (p.
843 1448 929 1490 149).

257 1504 422 1539 Ceterum
448 1514 492 1537 ex
517 1503 594 1538 eius
619 1504 709 1538 libro
735 1504 824 1538 haec
850 1503 1053 1538 adnotanda
1078 1503 1258 1537 videntur:

255 1559 301 1594 ad
317 1571 351 1604 p.
368 1562 428 1595 29:
454 1560 508 1594 De
534 1560 637 1595 titulo
656 1561 870 1605 Gortynensi
896 1561 1090 1595 assentitur
1115 1562 1160 1603 (p.
1182 1562 1258 1603 150)
1284 1559 1502 1594 Mommseno
1528 1564 1635 1603 atque

143 1617 250 1652 etiam
285 1616 367 1651 inde
403 1616 582 1651 concludit
619 1617 713 1652 cives
750 1617 929 1652 Romanos
968 1617 1099 1651 alicubi
1145 1617 1380 1651 consistentes
1419 1617 1558 1651 omnino
1602 1617 1637 1650 in

144 1673 374 1708 decurionum
400 1673 540 1708 ordines
566 1674 706 1709 urbium
732 1675 1001 1719 peregrinarum
1028 1674 1145 1717 adlegi
1171 1673 1339 1717 potuisse.

257 1730 302 1764 ad
327 1741 361 1774 p.
380 1734 439 1766 40:
466 1731 544 1766 vide
571 1742 663 1775 quae
690 1743 723 1776 p.
745 1734 807 1767 132
826 1737 860 1766 et
878 1731 957 1765 adn.
975 1735 998 1767 4
1023 1731 1065 1766 de
1091 1731 1171 1766 albo
1198 1730 1355 1765 iudicum
1380 1730 1416 1763 in
1436 1729 1638 1774 provinciis,

146 1787 298 1822 fortasse
324 1798 436 1832 usque
462 1788 507 1822 ad
534 1788 655 1822 Severi
681 1792 844 1832 aetatem,
872 1786 1060 1821 statuendo
1085 1786 1133 1820 M.
1161 1785 1335 1830 exposuit.

257 1843 302 1878 ad
327 1854 360 1888 p.
379 1845 439 1879 47:
472 1844 515 1878 de
541 1844 677 1879 civibus
703 1843 872 1878 Romanis
905 1843 941 1877 in
967 1843 1172 1877 civitatibus
1206 1842 1328 1876 liberis
1361 1840 1639 1876 consistentibus

147 1899 329 1935 afferenda
353 1905 436 1935 sunt
460 1901 567 1935 verba
592 1901 668 1935 eius
694 1912 726 1945 p.
745 1903 789 1935 86
814 1906 849 1935 et
874 1900 952 1934 adn.
971 1904 1002 1944 5,
1028 1911 1061 1943 p.
1079 1901 1122 1935 87
1150 1904 1184 1934 et
1210 1899 1290 1933 adn.
1309 1902 1339 1933 3.

259 1956 304 1991 ad
329 1968 362 2001 p.
380 1958 423 1993 79
448 1957 527 1992 adn.
549 1961 582 1994 1:
610 1958 663 1992 De
689 1958 792 1992 titulo
820 1957 895 1991 CIL
913 1957 965 1991 III
994 1960 1081 1992 1500
1105 1957 1230 1990 miram
1257 1955 1468 1990 sententiam
1494 1954 1641 1998 protulit

146 2015 192 2058 (p.
212 2017 276 2050 150
300 2019 335 2049 et
360 2014 439 2049 adn.
462 2017 507 2059 4),
533 2015 633 2049 cuius
660 2019 783 2050 auctor
809 2015 845 2049 C.
865 2014 978 2049 Gooss
1005 2013 1124 2048 libello
1151 2012 1324 2056 inscripto
1354 2012 1440 2046 »Die
1466 2011 1639 2045 rbmische

146 2069 361 2114 Lagerstadt
379 2072 569 2116 Apulum«,
595 2071 875 2106 Hermannstadt
896 2072 992 2115 1878,
1019 2081 1123 2114 quem
1149 2070 1326 2114 inspicere
1349 2079 1419 2103 non
1437 2068 1548 2112 potui,
1574 2067 1642 2101 fuit

149 2127 218 2161 nisi
240 2127 354 2162 fallor.
395 2128 487 2163 Nam
512 2129 664 2173 primum
682 2129 812 2173 nescio,
838 2138 909 2172 qua
927 2128 968 2162 de
986 2137 1095 2162 causa
1119 2126 1275 2170 lapidem
1293 2126 1392 2160 illum
1418 2126 1511 2159 intra
1530 2134 1640 2158 annos

151 2186 327 2218 110—130
345 2185 497 2228 positum
516 2195 592 2220 esse
612 2189 723 2229 putet,
748 2185 890 2229 deinde,
917 2195 989 2227 cur,
1008 2184 1037 2218 si
1055 2183 1180 2218 titulus
1198 2193 1235 2218 re
1254 2192 1337 2217 vera
1355 2181 1398 2215 ad
1416 2182 1484 2216 hoc
1502 2186 1640 2224 tempus

147 2240 358 2284 pertineret,
397 2243 625 2285 congregatio
660 2242 788 2276 civium
821 2242 1060 2276 Romanorum
1099 2239 1339 2282 intellegenda
1370 2238 1434 2282 sit,
1473 2237 1640 2281 quoniam

147 2301 286 2332 tantum
314 2298 573 2341 »negotiatores
599 2299 802 2342 provinciae
828 2299 1042 2343 Apulensis«
1070 2296 1305 2331 nominantur.

261 2353 387 2388 Restat
405 2358 444 2388 ut
461 2354 510 2388 ad·
523 2364 576 2398 ea,
595 2364 685 2398 quae
704 2355 738 2388 in
764 2354 880 2397 capite
900 2353 1054 2388 secundo
1073 2352 1115 2386 dc
1135 2352 1210 2384 iure
1229 2360 1271 2383 ac
1288 2349 1494 2383 condicione
1512 2348 1639 2382 civium

149 2409 388 2444 Romanorum
412 2409 448 2443 in
474 2410 664 2453 provinciis
682 2410 767 2453 dixi,
793 2410 921 2443 addam
948 2409 982 2442 id
1008 2408 1102 2451 quod
1126 2407 1173 2440 M.
1193 2417 1235 2440 ex
1256 2406 1308 2440 tit.
1328 2405 1377 2439 Le
1395 2404 1640 2438 Bas-Foucart

147 2466 255 2500 Inscr.
282 2465 328 2500 du
354 2465 474 2510 Pelop.
500 2467 596 2501 243a
620 2465 679 2500 lin.
698 2468 824 2509 26sqq.
852 2477 884 2509 p.
906 2468 963 2500 151
985 2465 1097 2499 affert.

1318 2618 1360 2652 S*
