1928 2884
819 121 1098 161 „40-

213 245 403 285 sententia
433 245 692 294 comprobata
722 241 998 295 Degenk01b1)
1040 245 1092 283 ob
1122 245 1226 283 hanc
1267 258 1407 285 vocem
1444 253 1582 286 nostro
1618 248 1710 287 loco

212 320 452 364 usurpatam,
485 312 581 362 quin
610 311 726 350 etiam
760 311 800 350 in
830 311 1041 362 provinciis
1083 313 1216 351 album
1254 313 1429 353 iudicum
1471 328 1495 354 a
1533 322 1710 365 praetore

210 382 320 422 initio
350 382 443 421 anni
463 383 610 420 facturn
632 393 716 419 esse
737 387 965 428 statuamus,
997 381 1079 420 fieri
1100 394 1182 421 non
1202 395 1320 433 posse
1342 384 1504 432 censuit,
1537 383 1578 423 id
1600 384 1711 434 quod

213 452 298 489 aliis
337 463 495 501 quoque
534 450 660 489 causis
698 449 874 488 adiuvari
914 446 1101 500 potest2).
1163 452 1371 490 Assentior
1407 451 1523 502 igitur
1557 452 1635 491 hac
1671 451 1712 491 in

212 532 252 557 re
272 518 363 557 viris
386 518 635 565 doctissimis,
658 518 884 567 praesertim
909 530 999 557 curn
1023 519 1187 557 verbum
1210 519 1371 570 seligere
1391 532 1476 559 esse
1494 519 1712 571 legitimum

212 601 258 626 ea
302 588 361 634 vi,
409 599 526 637 quam
568 588 795 625 Mommsen
834 585 1045 636 significat,
1092 587 1223 626 multis
1269 601 1316 626 ex
1360 588 1458 627 locis
1502 587 1710 640 eluceat3).

211 658 386 696 Alterum
417 663 546 694 autem
584 657 746 694 verbum
786 667 1091 708 »proponere«,
1132 658 1255 695 refero
1296 657 1348 695 ad
1388 657 1485 696 illud
1524 656 1713 708 praetoris

212 726 383 763 officium
415 724 454 762 in
487 723 769 763 constituendis
802 723 1023 771 iudicibus,
1066 725 1176 775 quod
1207 725 1363 775 saepius
1395 724 1537 764 dicitur
1571 721 1713 764 »edere

214 789 273 829 ad
300 788 577 830 reiciendum«
595 790 626 842 4)
658 800 762 831 certa
792 791 832 831 in
863 805 994 832 causa.
1054 796 1192 844 Itaque
1221 801 1473 844 praeceptum
1506 794 1603 845 legis
1633 795 1716 833 Ru-

211 861 325 911 piliae
356 860 413 900 sic
442 861 607 899 reddere
637 860 746 900 licet:
776 869 931 912 praetor
960 861 1112 902 iudices
1143 875 1189 901 ex
1211 875 1387 910 numero,
1420 874 1538 912 quem
1570 875 1592 902 e
1622 875 1715 902 con-

213 936 330 967 ventu
362 929 506 968 civium
539 931 812 969 Romanorum
855 932 1044 970 selectum
1085 932 1125 969 in
1156 932 1248 971 albo
1288 932 1557 982 inscripserat,
1599 931 1715 970 edere

211 998 261 1035 ad
308 997 549 1036 reiciendum
595 998 774 1048 partibus
831 1000 993 1038 solebat.
1070 1000 1185 1038 Haec
1238 1006 1371 1038 autem
1416 998 1557 1039 Cicero
1603 997 1716 1038 Verri

212 1065 378 1115 obiecit,
410 1067 602 1117 primum,
641 1068 770 1106 nullos
801 1067 949 1107 iudices
980 1080 1068 1107 eum
1102 1067 1283 1119 selegisse
1313 1081 1334 1107 e
1365 1074 1582 1118 conventu,
1622 1067 1647 1108 i.
1679 1079 1714 1108 e.

211 1136 360 1173 nullum
392 1136 524 1173 album
555 1134 731 1174 iudicum
764 1134 874 1174 initio
897 1135 1144 1187 magistratus
1175 1135 1234 1175 sui
1265 1134 1522 1183 constituisse,
1556 1133 1715 1182 deinde,

214 1202 326 1242 certis
357 1202 397 1241 in
429 1202 554 1241 causis
585 1203 733 1243 iudices
764 1217 844 1243 non
875 1203 1138 1255 proposuisse,
1169 1204 1194 1246 i.
1219 1217 1252 1243 e.
1285 1205 1337 1243 ad
1366 1203 1608 1243 reiciendum
1629 1215 1718 1254 par-

214 1271 316 1310 tibus
349 1285 430 1310 non
459 1271 643 1311 edidisse.
704 1275 844 1323 Neque
880 1287 973 1313 vero
1011 1273 1163 1313 crimini
1198 1274 1330 1321 datur,
1369 1273 1478 1323 quod
1514 1285 1597 1312 non
1627 1285 1718 1323 pro-

213 1340 387 1390 posuerit
425 1353 472 1379 ex
515 1340 665 1380 selectis
706 1341 922 1390 iudicibus,
964 1343 1034 1381 sed
1078 1355 1153 1380 »ex
1183 1338 1564 1390 negociatoribus«,
1595 1340 1716 1391 idque

216 1407 366 1459 optimo
407 1408 488 1448 iure
500 1407 546 1459 ⁵).
609 1409 689 1459 Qui
731 1411 834 1449 enim
866 1418 1021 1461 praetor
1057 1411 1208 1450 iudices
1239 1423 1321 1450 non
1361 1411 1570 1461 selegerat,
1611 1408 1715 1448 idem

215 1478 378 1516 selectos
407 1490 628 1528 proponere
657 1491 737 1517 non
768 1479 909 1529 potuit.

329 1623 359 1666 1)
381 1622 403 1656 1.
429 1622 450 1656 1.
477 1633 510 1666 p.
528 1624 676 1658 31-34.

329 1679 357 1722 2)
384 1678 426 1713 cf.
453 1679 662 1724 Mommsen,
691 1679 739 1715 St.
758 1680 800 1715 R.
826 1680 860 1715 Π
885 1691 918 1725 p.
937 1683 1001 1716 231
1031 1685 1066 1715 et
1091 1680 1171 1715 adn.
1189 1683 1220 1716 3.
1259 1679 1462 1725 Dernburg,
1487 1679 1717 1724 Heidelberg.

215 1736 268 1770 kr.
296 1735 505 1771 Zeitschrift
527 1736 551 1770 f.
578 1737 612 1772 d.
639 1742 832 1781 gesammte
857 1737 1244 1773 Rechtswissenschaft
1266 1737 1284 1772 I
1308 1748 1341 1782 p.
1359 1740 1437 1773 464.

329 1793 358 1836 3)
382 1793 474 1828 Vide
509 1793 581 1828 Cic.
606 1803 670 1838 pro
703 1794 840 1829 Cluent.
867 1798 921 1830 43.
951 1798 1024 1830 121.
1058 1794 1136 1839 ubi,
1170 1804 1387 1838 quamquam
1418 1793 1541 1839 optimi
1577 1793 1718 1829 codices

216 1850 350 1885 habent
385 1851 444 1884 »in
477 1850 582 1885 lectos
606 1851 784 1892 iudices«,
817 1856 936 1886 tamen
970 1852 1154 1886 »selectos«
1189 1851 1416 1886 seribendum
1451 1851 1529 1886 erit.
1554 1850 1598 1886 cf.
1623 1850 1715 1886 Plin.

215 1907 297 1941 hist.
323 1912 395 1941 nat.
421 1910 475 1942 33.
500 1910 561 1951 313
588 1907 672 1942 Hor.
700 1908 772 1943 Sat.
797 1908 813 1943 Ι
838 1912 870 1944 4.
899 1911 979 1953 1233
1007 1908 1107 1943 Ovid.
1134 1919 1241 1943 amor.
1267 1908 1285 1942 I
1311 1911 1362 1943 10.
1388 1911 1443 1944 38.

332 1964 361 2008 4)
388 1963 460 1998 Cic.
487 1974 551 2008 pro
576 1963 697 1999 Planc.
727 1965 778 2001 17.
830 1965 912 2000 Sell.
938 1965 1006 2000 Die
1033 1965 1273 2009 Recuperatio
1298 1964 1332 2000 d.
1356 1964 1488 1999 Romer
1512 1975 1546 2009 p.
1565 1964 1641 2000 172.

332 2022 360 2064 5)
387 2020 465 2063 Qua
489 2030 527 2055 re
552 2025 672 2055 autem
703 2026 885 2065 permotus
915 2021 1039 2056 Cicero
1071 2021 1139 2056 hoc
1171 2021 1306 2065 duplici
1330 2020 1435 2056 modo
1460 2020 1719 2065 vituperaverit

221 2088 297 2112 eam
324 2077 510 2122 rationem,
537 2089 608 2122 qua
633 2078 765 2113 Verres
790 2079 827 2113 in
852 2078 930 2113 iure
956 2078 1109 2114 dicundo
1135 2089 1222 2113 usus
1248 2078 1311 2123 sit,
1343 2078 1447 2113 docet
1469 2077 1617 2113 verbum
1643 2089 1719 2113 »so-

217 2136 321 2180 lere«,
351 2136 445 2179 quod
471 2136 516 2170 ad
542 2135 632 2179 legis
658 2140 891 2180 praeceptum
916 2135 1165 2180 exponendum
1188 2135 1390 2170 adhibetur.
1446 2134 1528 2170 Iure
1554 2134 1649 2170 enim
1680 2135 1718 2170 id

217 2192 330 2227 solum
356 2192 588 2227 constitutum
612 2192 724 2227 fuisse
750 2192 902 2238 videtur,
927 2198 967 2227 ut
992 2203 1036 2227 ex
1061 2196 1238 2227 conventu
1255 2191 1393 2227 iudices
1411 2191 1604 2227 ederentur
1621 2196 1718 2234 (con-

216 2248 352 2284 feratur
383 2260 412 2284 e.
439 2260 467 2284 c.
501 2251 645 2294 sponsio
678 2260 736 2295 ea,
769 2260 876 2294 quam
909 2250 1112 2286 Scandilius
1143 2250 1229 2285 fecit
1259 2260 1339 2285 cum
1370 2249 1531 2294 Apronio
1562 2249 1650 2294 (Cic.
1681 2249 1719 2284 in

217 2306 317 2340 Verr.
344 2306 366 2340 1.
385 2306 437 2340 III
465 2308 668 2351 137—139).
718 2307 782 2342 Ille
809 2307 964 2352 quidem,
990 2307 1086 2352 quod
1110 2307 1188 2342 iure
1206 2306 1240 2342 ei
1258 2317 1466 2342 concessum
1483 2310 1571 2351 erat,
1596 2310 1718 2351 postu-

217 2363 320 2397 lavit:
346 2363 459 2407 primo
485 2364 528 2399 de
555 2368 730 2399 conventu
755 2369 1040 2409 recuperatores,
1065 2369 1157 2409 tum,
1184 2374 1264 2399 cum
1288 2364 1423 2398 Verres
1446 2363 1515 2398 hoc
1538 2367 1717 2408 negasset,

219 2430 255 2454 se
273 2419 407 2454 Romae
434 2420 599 2465 absolvi);
628 2421 690 2456 sed
716 2421 934 2456 consuetudo
960 2427 1049 2466 erat,
1075 2426 1115 2457 ut
1138 2422 1206 2456 hoc
1230 2422 1283 2456 ita
1306 2421 1420 2466 fieret,
1445 2425 1485 2455 ut
1506 2420 1609 2455 initio
1633 2419 1719 2454 anni

218 2482 373 2522 praetor,
401 2478 505 2512 simul
530 2484 569 2513 ut
591 2479 750 2514 laborem
766 2480 943 2514 minueret
970 2479 1026 2519 (cf.
1046 2479 1256 2522 Degenkolb
1282 2478 1346 2512 1.1.
1371 2489 1405 2522 p.
1423 2480 1493 2522 33),
1518 2476 1718 2511 illustrissi-

218 2544 292 2569 mos
326 2540 520 2570 conventus
545 2536 639 2571 viros
666 2536 835 2580 seligeret
860 2536 1051 2579 albumque
1084 2535 1243 2570 iudicum
1273 2535 1419 2570 faceret.
1475 2533 1578 2568 Obici
1607 2532 1720 2577 igitur

219 2592 377 2635 praetori
401 2592 490 2627 illud
515 2593 628 2628 solum
653 2604 724 2629 non
748 2594 876 2639 potuit,
903 2593 998 2638 quod
1023 2593 1175 2629 selectos
1198 2592 1335 2628 iudices
1361 2592 1399 2627 in
1416 2591 1497 2627 albo
1513 2590 1718 2635 inscriptos,

220 2649 287 2682 etsi
313 2659 387 2684 mos
414 2655 501 2695 erat,
525 2661 596 2685 non
620 2651 807 2696 habuerat,
833 2650 895 2686 sed
919 2650 1078 2686 incusari
1099 2661 1179 2686 eum
1203 2654 1340 2685 tantum
1357 2649 1500 2694 licebat,
1527 2648 1557 2684 si
1575 2647 1717 2683 omnino
