<?xml version="1.0" encoding="UTF-8"?>
<!DOCTYPE html PUBLIC "-//W3C//DTD XHTML 1.0 Transitional//EN"
    "http://www.w3.org/TR/xhtml1/DTD/xhtml1-transitional.dtd">
<html xmlns="http://www.w3.org/1999/xhtml" xml:lang="en" lang="en">
 <head>
  <title>
</title>
<meta http-equiv="Content-Type" content="text/html;charset=utf-8" />
  <meta name='ocr-system' content='tesseract 3.04.00' />
  <meta name='ocr-capabilities' content='ocr_page ocr_carea ocr_par ocr_line ocrx_word'/>
</head>
<body>
  <div class='ocr_page' id='page_1' title='image "./decivibusromanis00korn_0068.png"; bbox 0 0 1928 2884; ppageno 0'>
   <div class='ocr_carea' id='block_1_1' title="bbox 176 267 1722 1280">
    <p class='ocr_par' dir='ltr' id='par_1_1' title="bbox 176 267 1722 1280">
     <span class='ocr_line' id='line_1_1' title="bbox 216 267 1717 324; baseline 0.003 -16"><span class='ocrx_word' id='word_1_1' title='bbox 216 270 311 308; x_wconf 89' lang='lat' dir='ltr'><strong>sitae</strong></span> <span class='ocrx_word' id='word_1_2' title='bbox 324 267 355 320; x_wconf 88' lang='lat'><strong>¹)</strong></span> <span class='ocrx_word' id='word_1_3' title='bbox 388 269 482 308; x_wconf 90' lang='lat' dir='ltr'><strong>mihi</strong></span> <span class='ocrx_word' id='word_1_4' title='bbox 513 283 699 320; x_wconf 90' lang='lat' dir='ltr'><strong>apparere</strong></span> <span class='ocrx_word' id='word_1_5' title='bbox 729 270 882 310; x_wconf 89' lang='lat' dir='ltr'><strong>videtur</strong></span> <span class='ocrx_word' id='word_1_6' title='bbox 912 284 960 310; x_wconf 87' lang='lat' dir='ltr'><strong>ex</strong></span> <span class='ocrx_word' id='word_1_7' title='bbox 988 273 1108 311; x_wconf 87' lang='lat' dir='ltr'><strong>altero</strong></span> <span class='ocrx_word' id='word_1_8' title='bbox 1129 273 1241 312; x_wconf 90' lang='lat' dir='ltr'><strong>titulo</strong></span> <span class='ocrx_word' id='word_1_9' title='bbox 1253 269 1285 323; x_wconf 78' lang='lat'><strong>2)</strong></span> <span class='ocrx_word' id='word_1_10' title='bbox 1317 286 1363 312; x_wconf 88' lang='lat' dir='ltr'><strong>ex</strong></span> <span class='ocrx_word' id='word_1_11' title='bbox 1384 273 1538 312; x_wconf 85' lang='lat' dir='ltr'><strong>schedis</strong></span> <span class='ocrx_word' id='word_1_12' title='bbox 1561 273 1717 324; x_wconf 89' lang='lat' dir='ltr'><strong>Cyriaci</strong></span> 
     </span>
     <span class='ocr_line' id='line_1_2' title="bbox 215 337 1716 392; baseline 0.003 -16"><span class='ocrx_word' id='word_1_13' title='bbox 215 337 336 383; x_wconf 89' lang='lat' dir='ltr'><strong>edito,</strong></span> <span class='ocrx_word' id='word_1_14' title='bbox 368 339 435 387; x_wconf 92' lang='lat' dir='ltr'><strong>qui</strong></span> <span class='ocrx_word' id='word_1_15' title='bbox 466 339 651 378; x_wconf 84' lang='lat' dir='ltr'><strong>undecim</strong></span> <span class='ocrx_word' id='word_1_16' title='bbox 682 339 844 378; x_wconf 92' lang='lat' dir='ltr'><strong>nomina</strong></span> <span class='ocrx_word' id='word_1_17' title='bbox 865 339 1140 390; x_wconf 88' lang='lat' dir='ltr'><strong>magistrorum</strong></span> <span class='ocrx_word' id='word_1_18' title='bbox 1171 340 1346 379; x_wconf 87' lang='lat' dir='ltr'><strong>eiusdem</strong></span> <span class='ocrx_word' id='word_1_19' title='bbox 1369 341 1522 392; x_wconf 86' lang='lat' dir='ltr'><strong>collegii</strong></span> <span class='ocrx_word' id='word_1_20' title='bbox 1544 343 1716 392; x_wconf 85' lang='lat' dir='ltr'>praebet,</span> 
     </span>
     <span class='ocr_line' id='line_1_3' title="bbox 214 405 1719 458; baseline 0.003 -15"><span class='ocrx_word' id='word_1_21' title='bbox 214 405 313 444; x_wconf 90' lang='lat' dir='ltr'><strong>inter</strong></span> <span class='ocrx_word' id='word_1_22' title='bbox 345 418 444 456; x_wconf 91' lang='lat' dir='ltr'><strong>quos</strong></span> <span class='ocrx_word' id='word_1_23' title='bbox 474 407 617 457; x_wconf 89' lang='lat' dir='ltr'><strong>pariter</strong></span> <span class='ocrx_word' id='word_1_24' title='bbox 648 408 824 447; x_wconf 89' lang='lat' dir='ltr'><strong>Graecos</strong></span> <span class='ocrx_word' id='word_1_25' title='bbox 856 410 962 447; x_wconf 91' lang='lat' dir='ltr'><strong>solos</strong></span> <span class='ocrx_word' id='word_1_26' title='bbox 994 422 1042 447; x_wconf 88' lang='lat' dir='ltr'><strong>ex</strong></span> <span class='ocrx_word' id='word_1_27' title='bbox 1073 409 1235 448; x_wconf 88' lang='lat' dir='ltr'>urbibus</span> <span class='ocrx_word' id='word_1_28' title='bbox 1266 409 1399 448; x_wconf 90' lang='lat' dir='ltr'><strong>Italiae</strong></span> <span class='ocrx_word' id='word_1_29' title='bbox 1429 417 1564 458; x_wconf 89' lang='lat' dir='ltr'><strong>natos,</strong></span> <span class='ocrx_word' id='word_1_30' title='bbox 1596 421 1719 448; x_wconf 89' lang='lat' dir='ltr'><strong>unum</strong></span> 
     </span>
     <span class='ocr_line' id='line_1_4' title="bbox 216 473 1720 528; baseline 0.003 -16"><span class='ocrx_word' id='word_1_31' title='bbox 216 475 520 524; x_wconf 89' lang='lat' dir='ltr'><strong>Neapolitanum</strong></span> <span class='ocrx_word' id='word_1_32' title='bbox 534 473 587 526; x_wconf 84' lang='lat'><strong>3),</strong></span> <span class='ocrx_word' id='word_1_33' title='bbox 633 478 798 514; x_wconf 88' lang='lat' dir='ltr'><strong>alterum</strong></span> <span class='ocrx_word' id='word_1_34' title='bbox 840 477 1095 515; x_wconf 87' lang='lat' dir='ltr'><strong>Tarentinum</strong></span> <span class='ocrx_word' id='word_1_35' title='bbox 1108 475 1140 526; x_wconf 79' lang='lat'><strong>4)</strong></span> <span class='ocrx_word' id='word_1_36' title='bbox 1180 477 1370 516; x_wconf 89' lang='lat' dir='ltr'><strong>videmus.</strong></span> <span class='ocrx_word' id='word_1_37' title='bbox 1445 480 1586 528; x_wconf 84' lang='lat' dir='ltr'><strong>Neque</strong></span> <span class='ocrx_word' id='word_1_38' title='bbox 1626 491 1720 518; x_wconf 91' lang='lat' dir='ltr'><strong>vero</strong></span> 
     </span>
     <span class='ocr_line' id='line_1_5' title="bbox 216 543 1721 597; baseline 0.003 -17"><span class='ocrx_word' id='word_1_39' title='bbox 216 543 425 591; x_wconf 88' lang='lat' dir='ltr'><strong>Homollii,</strong></span> <span class='ocrx_word' id='word_1_40' title='bbox 457 557 584 594; x_wconf 90' lang='lat' dir='ltr'><strong>neque</strong></span> <span class='ocrx_word' id='word_1_41' title='bbox 617 544 830 584; x_wconf 85' lang='lat' dir='ltr'><strong>Schoefferi</strong></span> <span class='ocrx_word' id='word_1_42' title='bbox 862 545 1093 584; x_wconf 81' lang='lat' dir='ltr'><strong>sententiam</strong></span> <span class='ocrx_word' id='word_1_43' title='bbox 1126 548 1386 596; x_wconf 88' lang='lat' dir='ltr'><strong>comprobare</strong></span> <span class='ocrx_word' id='word_1_44' title='bbox 1426 558 1610 597; x_wconf 85' lang='lat' dir='ltr'><strong>possum,</strong></span> <span class='ocrx_word' id='word_1_45' title='bbox 1653 547 1721 596; x_wconf 92' lang='lat' dir='ltr'><strong>qui</strong></span> 
     </span>
     <span class='ocr_line' id='line_1_6' title="bbox 176 611 1720 664; baseline 0.003 -16"><span class='ocrx_word' id='word_1_46' title='bbox 176 627 180 630; x_wconf 91' lang='lat'>·</span> <span class='ocrx_word' id='word_1_47' title='bbox 213 611 286 649; x_wconf 88' lang='lat' dir='ltr'><strong>tria</strong></span> <span class='ocrx_word' id='word_1_48' title='bbox 317 612 480 664; x_wconf 89' lang='lat' dir='ltr'><strong>collegia</strong></span> <span class='ocrx_word' id='word_1_49' title='bbox 511 613 551 651; x_wconf 92' lang='lat' dir='ltr'><strong>in</strong></span> <span class='ocrx_word' id='word_1_50' title='bbox 581 625 704 652; x_wconf 87' lang='lat' dir='ltr'><strong>unum</strong></span> <span class='ocrx_word' id='word_1_51' title='bbox 737 613 929 652; x_wconf 84' lang='lat' dir='ltr'><strong>coaluisse</strong></span> <span class='ocrx_word' id='word_1_52' title='bbox 960 621 1120 664; x_wconf 87' lang='lat' dir='ltr'><strong>putant,</strong></span> <span class='ocrx_word' id='word_1_53' title='bbox 1163 614 1236 659; x_wconf 86' lang='lat' dir='ltr'><strong>sic,</strong></span> <span class='ocrx_word' id='word_1_54' title='bbox 1286 620 1356 652; x_wconf 76' lang='lat' dir='ltr'><strong>»ut</strong></span> <span class='ocrx_word' id='word_1_55' title='bbox 1397 626 1490 653; x_wconf 82' lang='lat' dir='ltr'><strong>eum</strong></span> <span class='ocrx_word' id='word_1_56' title='bbox 1531 612 1720 654; x_wconf 81' lang='lat' dir='ltr'><strong>concilia-</strong></span> 
     </span>
     <span class='ocr_line' id='line_1_7' title="bbox 218 676 1722 729; baseline 0.003 -12"><span class='ocrx_word' id='word_1_57' title='bbox 218 676 361 717; x_wconf 80' lang='lat' dir='ltr'><em>bulum</em></span> <span class='ocrx_word' id='word_1_58' title='bbox 391 693 520 719; x_wconf 78' lang='lat' dir='ltr'><strong>unum</strong></span> <span class='ocrx_word' id='word_1_59' title='bbox 551 678 761 727; x_wconf 75' lang='lat' dir='ltr'><strong>haberent,</strong></span> <span class='ocrx_word' id='word_1_60' title='bbox 797 687 882 720; x_wconf 77' lang='lat' dir='ltr'><strong>tum</strong></span> <span class='ocrx_word' id='word_1_61' title='bbox 902 680 1127 729; x_wconf 71' lang='lat' dir='ltr'><strong>maqistros</strong></span> <span class='ocrx_word' id='word_1_62' title='bbox 1158 694 1388 722; x_wconf 73' lang='lat' dir='ltr'><strong>communes</strong></span> <span class='ocrx_word' id='word_1_63' title='bbox 1412 679 1626 722; x_wconf 81' lang='lat' dir='ltr'><strong>duodecim</strong></span> <span class='ocrx_word' id='word_1_64' title='bbox 1657 681 1722 722; x_wconf 84' lang='lat' dir='ltr'><strong>vel</strong></span> 
     </span>
     <span class='ocr_line' id='line_1_8' title="bbox 215 747 1721 803; baseline 0.003 -18"><span class='ocrx_word' id='word_1_65' title='bbox 215 753 439 800; x_wconf 73' lang='lat' dir='ltr'><strong>quaternos</strong></span> <span class='ocrx_word' id='word_1_66' title='bbox 471 762 488 786; x_wconf 84' lang='lat' dir='ltr'><strong>e</strong></span> <span class='ocrx_word' id='word_1_67' title='bbox 526 747 698 798; x_wconf 70' lang='lat' dir='ltr'><strong>sinqulis</strong></span> <span class='ocrx_word' id='word_1_68' title='bbox 740 747 923 803; x_wconf 70' lang='lat' dir='ltr'><strong>colleyiis</strong></span> <span class='ocrx_word' id='word_1_69' title='bbox 962 748 1108 789; x_wconf 76' lang='lat' dir='ltr'><strong>eleetos</strong></span> <span class='ocrx_word' id='word_1_70' title='bbox 1147 749 1191 789; x_wconf 83' lang='lat' dir='ltr'><strong>in</strong></span> <span class='ocrx_word' id='word_1_71' title='bbox 1232 765 1409 791; x_wconf 75' lang='lat' dir='ltr'><strong>annum«</strong></span> <span class='ocrx_word' id='word_1_72' title='bbox 1426 751 1471 802; x_wconf 84' lang='lat'><strong>⁵).</strong></span> <span class='ocrx_word' id='word_1_73' title='bbox 1536 754 1639 791; x_wconf 89' lang='lat' dir='ltr'><strong>Nam</strong></span> <span class='ocrx_word' id='word_1_74' title='bbox 1671 753 1721 791; x_wconf 92' lang='lat' dir='ltr'><strong>de</strong></span> 
     </span>
     <span class='ocr_line' id='line_1_9' title="bbox 215 815 1720 870; baseline 0.004 -16"><span class='ocrx_word' id='word_1_75' title='bbox 215 815 465 856; x_wconf 81' lang='lat' dir='ltr'><strong>societatibus</strong></span> <span class='ocrx_word' id='word_1_76' title='bbox 497 819 692 857; x_wconf 88' lang='lat' dir='ltr'><strong>cultorum</strong></span> <span class='ocrx_word' id='word_1_77' title='bbox 724 819 898 869; x_wconf 86' lang='lat' dir='ltr'><strong>Neptuni</strong></span> <span class='ocrx_word' id='word_1_78' title='bbox 929 827 967 858; x_wconf 89' lang='lat' dir='ltr'><strong>et</strong></span> <span class='ocrx_word' id='word_1_79' title='bbox 998 819 1211 870; x_wconf 73' lang='lat' dir='ltr'><strong>Apollinis,</strong></span> <span class='ocrx_word' id='word_1_80' title='bbox 1251 829 1464 870; x_wconf 82' lang='lat' dir='ltr'><strong>antequam</strong></span> <span class='ocrx_word' id='word_1_81' title='bbox 1496 833 1587 860; x_wconf 89' lang='lat' dir='ltr'><strong>cum</strong></span> <span class='ocrx_word' id='word_1_82' title='bbox 1619 823 1720 859; x_wconf 87' lang='lat' dir='ltr'><strong>Her-</strong></span> 
     </span>
     <span class='ocr_line' id='line_1_10' title="bbox 214 884 1721 939; baseline 0.003 -17"><span class='ocrx_word' id='word_1_83' title='bbox 214 884 364 924; x_wconf 86' lang='lat' dir='ltr'><strong>maistis</strong></span> <span class='ocrx_word' id='word_1_84' title='bbox 412 885 613 925; x_wconf 88' lang='lat' dir='ltr'><strong>coniuncti</strong></span> <span class='ocrx_word' id='word_1_85' title='bbox 660 896 771 936; x_wconf 86' lang='lat' dir='ltr'><strong>sunt,</strong></span> <span class='ocrx_word' id='word_1_86' title='bbox 819 887 916 926; x_wconf 90' lang='lat' dir='ltr'><strong>nihil</strong></span> <span class='ocrx_word' id='word_1_87' title='bbox 960 888 1199 939; x_wconf 84' lang='lat' dir='ltr'><strong>accepimus.</strong></span> <span class='ocrx_word' id='word_1_88' title='bbox 1263 888 1417 938; x_wconf 87' lang='lat' dir='ltr'><strong>Quodsi</strong></span> <span class='ocrx_word' id='word_1_89' title='bbox 1465 896 1579 928; x_wconf 85' lang='lat' dir='ltr'><strong>antea</strong></span> <span class='ocrx_word' id='word_1_90' title='bbox 1622 889 1721 928; x_wconf 90' lang='lat' dir='ltr'><strong>haec</strong></span> 
     </span>
     <span class='ocr_line' id='line_1_11' title="bbox 214 953 1720 1007; baseline 0.003 -16"><span class='ocrx_word' id='word_1_91' title='bbox 214 953 380 1004; x_wconf 89' lang='lat' dir='ltr'><strong>collegia</strong></span> <span class='ocrx_word' id='word_1_92' title='bbox 402 953 687 1006; x_wconf 67' lang='lat' dir='ltr'><strong>Graecorumss)</strong></span> <span class='ocrx_word' id='word_1_93' title='bbox 718 956 847 1006; x_wconf 86' lang='lat' dir='ltr'><strong>fuisse,</strong></span> <span class='ocrx_word' id='word_1_94' title='bbox 879 964 921 995; x_wconf 90' lang='lat' dir='ltr'><strong>ut</strong></span> <span class='ocrx_word' id='word_1_95' title='bbox 945 958 1144 996; x_wconf 86' lang='lat' dir='ltr'><strong>Schoeffer</strong></span> <span class='ocrx_word' id='word_1_96' title='bbox 1165 956 1327 1004; x_wconf 88' lang='lat' dir='ltr'><strong>iudicat,</strong></span> <span class='ocrx_word' id='word_1_97' title='bbox 1360 957 1606 1007; x_wconf 81' lang='lat' dir='ltr'><strong>arbitramur,</strong></span> <span class='ocrx_word' id='word_1_98' title='bbox 1639 970 1720 996; x_wconf 90' lang='lat' dir='ltr'><strong>non</strong></span> 
     </span>
     <span class='ocr_line' id='line_1_12' title="bbox 214 1020 1721 1076; baseline 0.003 -17"><span class='ocrx_word' id='word_1_99' title='bbox 214 1020 461 1072; x_wconf 81' lang='lat' dir='ltr'><strong>intellegitur,</strong></span> <span class='ocrx_word' id='word_1_100' title='bbox 495 1035 563 1061; x_wconf 86' lang='lat' dir='ltr'><strong>cur</strong></span> <span class='ocrx_word' id='word_1_101' title='bbox 593 1032 683 1073; x_wconf 85' lang='lat' dir='ltr'><strong>post</strong></span> <span class='ocrx_word' id='word_1_102' title='bbox 704 1023 1023 1063; x_wconf 88' lang='lat' dir='ltr'><strong>coniunctionem</strong></span> <span class='ocrx_word' id='word_1_103' title='bbox 1049 1036 1139 1063; x_wconf 91' lang='lat' dir='ltr'><strong>cum</strong></span> <span class='ocrx_word' id='word_1_104' title='bbox 1162 1024 1395 1064; x_wconf 86' lang='lat' dir='ltr'><strong>Hermaistis</strong></span> <span class='ocrx_word' id='word_1_105' title='bbox 1417 1039 1497 1064; x_wconf 91' lang='lat' dir='ltr'><strong>non</strong></span> <span class='ocrx_word' id='word_1_106' title='bbox 1518 1027 1631 1076; x_wconf 89' lang='lat' dir='ltr'><strong>plura</strong></span> <span class='ocrx_word' id='word_1_107' title='bbox 1650 1039 1721 1065; x_wconf 92' lang='lat' dir='ltr'><strong>no-</strong></span> 
     </span>
     <span class='ocr_line' id='line_1_13' title="bbox 214 1088 1720 1143; baseline 0.004 -17"><span class='ocrx_word' id='word_1_108' title='bbox 214 1088 320 1128; x_wconf 89' lang='lat' dir='ltr'><strong>mina</strong></span> <span class='ocrx_word' id='word_1_109' title='bbox 349 1102 492 1140; x_wconf 89' lang='lat' dir='ltr'><strong>graeca</strong></span> <span class='ocrx_word' id='word_1_110' title='bbox 529 1091 801 1142; x_wconf 87' lang='lat' dir='ltr'><strong>magistrorum</strong></span> <span class='ocrx_word' id='word_1_111' title='bbox 839 1091 1086 1131; x_wconf 89' lang='lat' dir='ltr'><strong>inveniantur</strong></span> <span class='ocrx_word' id='word_1_112' title='bbox 1099 1089 1145 1141; x_wconf 81' lang='grc'><strong>7).</strong></span> <span class='ocrx_word' id='word_1_113' title='bbox 1206 1094 1311 1143; x_wconf 88' lang='lat' dir='ltr'><strong>Ergo</strong></span> <span class='ocrx_word' id='word_1_114' title='bbox 1352 1092 1536 1143; x_wconf 89' lang='lat' dir='ltr'><strong>equidem</strong></span> <span class='ocrx_word' id='word_1_115' title='bbox 1577 1106 1720 1132; x_wconf 87' lang='lat' dir='ltr'><strong>censeo</strong></span> 
     </span>
     <span class='ocr_line' id='line_1_14' title="bbox 214 1158 1720 1211; baseline 0.003 -16"><span class='ocrx_word' id='word_1_116' title='bbox 214 1170 293 1196; x_wconf 90' lang='lat' dir='ltr'><strong>non</strong></span> <span class='ocrx_word' id='word_1_117' title='bbox 334 1158 406 1196; x_wconf 88' lang='lat' dir='ltr'><strong>tria</strong></span> <span class='ocrx_word' id='word_1_118' title='bbox 444 1159 607 1210; x_wconf 89' lang='lat' dir='ltr'><strong>collegia</strong></span> <span class='ocrx_word' id='word_1_119' title='bbox 646 1173 741 1210; x_wconf 89' lang='lat' dir='ltr'><strong>opes</strong></span> <span class='ocrx_word' id='word_1_120' title='bbox 783 1168 902 1211; x_wconf 89' lang='lat' dir='ltr'><strong>atque</strong></span> <span class='ocrx_word' id='word_1_121' title='bbox 948 1160 1329 1200; x_wconf 86' lang='lat' dir='ltr'><strong>administrationem</strong></span> <span class='ocrx_word' id='word_1_122' title='bbox 1375 1162 1604 1209; x_wconf 78' lang='lat' dir='ltr'><strong>contulisse,</strong></span> <span class='ocrx_word' id='word_1_123' title='bbox 1651 1162 1720 1200; x_wconf 89' lang='lat' dir='ltr'><strong>sed</strong></span> 
     </span>
     <span class='ocr_line' id='line_1_15' title="bbox 215 1226 1720 1280; baseline 0.002 -16"><span class='ocrx_word' id='word_1_124' title='bbox 215 1238 336 1264; x_wconf 89' lang='lat' dir='ltr'><strong>unum</strong></span> <span class='ocrx_word' id='word_1_125' title='bbox 381 1227 590 1277; x_wconf 88' lang='lat' dir='ltr'><strong>collegium</strong></span> <span class='ocrx_word' id='word_1_126' title='bbox 637 1229 951 1267; x_wconf 86' lang='lat' dir='ltr'><strong>Hermaistarum</strong></span> <span class='ocrx_word' id='word_1_127' title='bbox 998 1226 1267 1279; x_wconf 64' lang='lat' dir='ltr'><strong>Italicorumss)</strong></span> <span class='ocrx_word' id='word_1_128' title='bbox 1315 1230 1388 1267; x_wconf 88' lang='lat' dir='ltr'><strong>sub</strong></span> <span class='ocrx_word' id='word_1_129' title='bbox 1435 1242 1503 1268; x_wconf 85' lang='lat' dir='ltr'><strong>sex</strong></span> <span class='ocrx_word' id='word_1_130' title='bbox 1548 1229 1720 1280; x_wconf 87' lang='lat' dir='ltr'><strong>magistri</strong></span> 
     </span>
    </p>
   </div>
   <div class='ocr_carea' id='block_1_2' title="bbox 216 1305 489 1311">
    <p class='ocr_par' dir='ltr' id='par_1_2' title="bbox 216 1305 489 1311">
     <span class='ocr_line' id='line_1_16' title="bbox 216 1305 489 1311; baseline 0 0"><span class='ocrx_word' id='word_1_131' title='bbox 216 1305 489 1311; x_wconf 95' lang='lat' dir='ltr'><strong> </strong></span> 
     </span>
    </p>
   </div>
   <div class='ocr_carea' id='block_1_3' title="bbox 213 1337 1720 2756">
    <p class='ocr_par' dir='ltr' id='par_1_3' title="bbox 213 1337 1720 1543">
     <span class='ocr_line' id='line_1_17' title="bbox 335 1337 1720 1384; baseline 0.002 -13"><span class='ocrx_word' id='word_1_132' title='bbox 335 1339 360 1380; x_wconf 89' lang='lat'><strong>¹)</strong></span> <span class='ocrx_word' id='word_1_133' title='bbox 386 1337 430 1371; x_wconf 82' lang='lat' dir='ltr'><strong>ad</strong></span> <span class='ocrx_word' id='word_1_134' title='bbox 457 1337 671 1372; x_wconf 81' lang='lat' dir='ltr'><strong>Heracleam</strong></span> <span class='ocrx_word' id='word_1_135' title='bbox 696 1338 883 1373; x_wconf 78' lang='lat' dir='ltr'><strong>Ponticam</strong></span> <span class='ocrx_word' id='word_1_136' title='bbox 909 1339 1052 1373; x_wconf 84' lang='lat' dir='ltr'><strong>titulum</strong></span> <span class='ocrx_word' id='word_1_137' title='bbox 1083 1339 1193 1374; x_wconf 85' lang='lat' dir='ltr'><strong>refert</strong></span> <span class='ocrx_word' id='word_1_138' title='bbox 1220 1339 1413 1374; x_wconf 85' lang='lat' dir='ltr'><strong>Schoeffer.</strong></span> <span class='ocrx_word' id='word_1_139' title='bbox 1453 1339 1474 1374; x_wconf 94' lang='grc'><strong>1.</strong></span> <span class='ocrx_word' id='word_1_140' title='bbox 1494 1339 1516 1374; x_wconf 86' lang='lat' dir='ltr'><strong>l.</strong></span> <span class='ocrx_word' id='word_1_141' title='bbox 1541 1351 1575 1384; x_wconf 87' lang='lat' dir='ltr'><strong>p.</strong></span> <span class='ocrx_word' id='word_1_142' title='bbox 1596 1342 1659 1374; x_wconf 83' lang='lat'><strong>188</strong></span> <span class='ocrx_word' id='word_1_143' title='bbox 1684 1343 1720 1373; x_wconf 85' lang='lat' dir='ltr'><strong>et</strong></span> 
     </span>
     <span class='ocr_line' id='line_1_18' title="bbox 215 1394 1719 1439; baseline 0.001 -12"><span class='ocrx_word' id='word_1_144' title='bbox 215 1405 248 1438; x_wconf 90' lang='lat' dir='ltr'><strong>p.</strong></span> <span class='ocrx_word' id='word_1_145' title='bbox 275 1397 355 1439; x_wconf 75' lang='lat'><strong>1933</strong></span> <span class='ocrx_word' id='word_1_146' title='bbox 388 1399 495 1439; x_wconf 87' lang='lat' dir='ltr'><strong>atque</strong></span> <span class='ocrx_word' id='word_1_147' title='bbox 529 1394 573 1429; x_wconf 89' lang='lat' dir='ltr'><strong>ad</strong></span> <span class='ocrx_word' id='word_1_148' title='bbox 600 1394 675 1429; x_wconf 91' lang='lat' dir='ltr'><strong>CIL</strong></span> <span class='ocrx_word' id='word_1_149' title='bbox 698 1395 750 1429; x_wconf 94' lang='lat' dir='ltr'><strong>III</strong></span> <span class='ocrx_word' id='word_1_150' title='bbox 783 1395 906 1439; x_wconf 85' lang='lat' dir='ltr'><strong>Suppl.</strong></span> <span class='ocrx_word' id='word_1_151' title='bbox 933 1397 1022 1430; x_wconf 85' lang='lat'><strong>7233</strong></span> <span class='ocrx_word' id='word_1_152' title='bbox 1054 1395 1202 1430; x_wconf 87' lang='lat' dir='ltr'><strong>adnotat</strong></span> <span class='ocrx_word' id='word_1_153' title='bbox 1231 1395 1447 1430; x_wconf 86' lang='lat' dir='ltr'><strong>Mommsen:</strong></span> <span class='ocrx_word' id='word_1_154' title='bbox 1501 1396 1719 1430; x_wconf 77' lang='lat' dir='ltr'><strong>›Etlmicum</strong></span> 
     </span>
     <span class='ocr_line' id='line_1_19' title="bbox 213 1448 1719 1499; baseline 0.002 -15"><span class='ocrx_word' id='word_1_155' title='bbox 213 1448 429 1494; x_wconf 81' lang='grc' dir='ltr'><em>Ἡράκλειος,</em></span> <span class='ocrx_word' id='word_1_156' title='bbox 456 1452 555 1497; x_wconf 77' lang='lat' dir='ltr'><strong>quod</strong></span> <span class='ocrx_word' id='word_1_157' title='bbox 581 1452 731 1485; x_wconf 72' lang='lat' dir='ltr'><strong>cuinam</strong></span> <span class='ocrx_word' id='word_1_158' title='bbox 757 1453 839 1485; x_wconf 72' lang='lat' dir='ltr'><strong>urbi</strong></span> <span class='ocrx_word' id='word_1_159' title='bbox 859 1453 1061 1497; x_wconf 69' lang='lat' dir='ltr'><strong>proprium</strong></span> <span class='ocrx_word' id='word_1_160' title='bbox 1087 1454 1149 1491; x_wconf 72' lang='lat' dir='ltr'><strong>sit,</strong></span> <span class='ocrx_word' id='word_1_161' title='bbox 1176 1464 1252 1487; x_wconf 75' lang='lat' dir='ltr'><strong>non</strong></span> <span class='ocrx_word' id='word_1_162' title='bbox 1279 1453 1400 1498; x_wconf 75' lang='lat' dir='ltr'><strong>liquet,</strong></span> <span class='ocrx_word' id='word_1_163' title='bbox 1425 1454 1490 1487; x_wconf 83' lang='lat' dir='ltr'><strong>sed</strong></span> <span class='ocrx_word' id='word_1_164' title='bbox 1515 1459 1601 1499; x_wconf 77' lang='lat' dir='ltr'><strong>apte</strong></span> <span class='ocrx_word' id='word_1_165' title='bbox 1626 1454 1719 1499; x_wconf 73' lang='lat' dir='ltr'><strong>coyz&#39;-</strong></span> 
     </span>
     <span class='ocr_line' id='line_1_20' title="bbox 217 1508 647 1543; baseline 0.002 -3"><span class='ocrx_word' id='word_1_166' title='bbox 217 1508 357 1542; x_wconf 76' lang='lat' dir='ltr'><strong>tabitur</strong></span> <span class='ocrx_word' id='word_1_167' title='bbox 384 1509 429 1542; x_wconf 73' lang='lat' dir='ltr'><strong>de</strong></span> <span class='ocrx_word' id='word_1_168' title='bbox 454 1509 647 1543; x_wconf 58' lang='lat' dir='ltr'><strong>Pontica«</strong></span> 
     </span>
    </p>

    <p class='ocr_par' dir='ltr' id='par_1_4' title="bbox 213 1566 1720 1725">
     <span class='ocr_line' id='line_1_21' title="bbox 328 1566 1719 1612; baseline 0.001 -12"><span class='ocrx_word' id='word_1_169' title='bbox 328 1566 357 1610; x_wconf 82' lang='lat'><strong>2)</strong></span> <span class='ocrx_word' id='word_1_170' title='bbox 382 1567 474 1601; x_wconf 89' lang='lat' dir='ltr'><strong>Bull.</strong></span> <span class='ocrx_word' id='word_1_171' title='bbox 501 1566 544 1601; x_wconf 89' lang='lat' dir='ltr'><strong>de</strong></span> <span class='ocrx_word' id='word_1_172' title='bbox 571 1576 641 1601; x_wconf 87' lang='lat' dir='ltr'><strong>cor.</strong></span> <span class='ocrx_word' id='word_1_173' title='bbox 667 1566 760 1601; x_wconf 91' lang='lat' dir='ltr'><strong>Hell.</strong></span> <span class='ocrx_word' id='word_1_174' title='bbox 792 1567 809 1600; x_wconf 93' lang='grc' dir='ltr'><strong>Ι</strong></span> <span class='ocrx_word' id='word_1_175' title='bbox 834 1568 970 1602; x_wconf 84' lang='grc'>87-88</span> <span class='ocrx_word' id='word_1_176' title='bbox 1004 1567 1097 1611; x_wconf 86' lang='lat' dir='ltr'><strong>(app.</strong></span> <span class='ocrx_word' id='word_1_177' title='bbox 1130 1578 1163 1602; x_wconf 88' lang='lat' dir='ltr'><strong>n.</strong></span> <span class='ocrx_word' id='word_1_178' title='bbox 1186 1570 1253 1612; x_wconf 77' lang='lat'><em>22).</em></span> <span class='ocrx_word' id='word_1_179' title='bbox 1302 1566 1343 1600; x_wconf 89' lang='lat' dir='ltr'><strong>In</strong></span> <span class='ocrx_word' id='word_1_180' title='bbox 1376 1567 1443 1601; x_wconf 85' lang='lat' dir='ltr'><strong>hoc</strong></span> <span class='ocrx_word' id='word_1_181' title='bbox 1474 1567 1578 1602; x_wconf 89' lang='lat' dir='ltr'><strong>titulo</strong></span> <span class='ocrx_word' id='word_1_182' title='bbox 1610 1577 1719 1602; x_wconf 91' lang='lat' dir='ltr'><strong>unum</strong></span> 
     </span>
     <span class='ocr_line' id='line_1_22' title="bbox 213 1622 1720 1668; baseline 0.001 -11"><span class='ocrx_word' id='word_1_183' title='bbox 213 1632 338 1657; x_wconf 88' lang='lat' dir='ltr'><strong>nomen</strong></span> <span class='ocrx_word' id='word_1_184' title='bbox 366 1623 592 1658; x_wconf 82' lang='lat' dir='ltr'><strong>intercidisse</strong></span> <span class='ocrx_word' id='word_1_185' title='bbox 617 1634 696 1658; x_wconf 85' lang='lat' dir='ltr'><strong>cum</strong></span> <span class='ocrx_word' id='word_1_186' title='bbox 722 1623 901 1657; x_wconf 90' lang='lat' dir='ltr'><strong>Homollio</strong></span> <span class='ocrx_word' id='word_1_187' title='bbox 927 1623 963 1665; x_wconf 92' lang='lat' dir='ltr'><strong>(l.</strong></span> <span class='ocrx_word' id='word_1_188' title='bbox 990 1623 1011 1657; x_wconf 94' lang='lat' dir='ltr'><strong>l.</strong></span> <span class='ocrx_word' id='word_1_189' title='bbox 1038 1634 1071 1666; x_wconf 88' lang='lat' dir='ltr'><strong>p.</strong></span> <span class='ocrx_word' id='word_1_190' title='bbox 1092 1625 1170 1665; x_wconf 85' lang='lat'>147)</span> <span class='ocrx_word' id='word_1_191' title='bbox 1200 1628 1236 1658; x_wconf 91' lang='lat' dir='ltr'><strong>et</strong></span> <span class='ocrx_word' id='word_1_192' title='bbox 1263 1622 1466 1657; x_wconf 83' lang='lat' dir='ltr'><strong>Schoeffero</strong></span> <span class='ocrx_word' id='word_1_193' title='bbox 1492 1623 1526 1668; x_wconf 85' lang='lat'><strong>(1.</strong></span> <span class='ocrx_word' id='word_1_194' title='bbox 1552 1623 1573 1658; x_wconf 88' lang='lat'><strong>1.</strong></span> <span class='ocrx_word' id='word_1_195' title='bbox 1600 1635 1634 1668; x_wconf 92' lang='lat' dir='ltr'><strong>p.</strong></span> <span class='ocrx_word' id='word_1_196' title='bbox 1655 1626 1720 1660; x_wconf 89' lang='grc'><strong>190</strong></span> 
     </span>
     <span class='ocr_line' id='line_1_23' title="bbox 214 1679 715 1725; baseline 0.002 -12"><span class='ocrx_word' id='word_1_197' title='bbox 214 1679 294 1714; x_wconf 88' lang='lat' dir='ltr'><strong>adn.</strong></span> <span class='ocrx_word' id='word_1_198' title='bbox 313 1683 369 1725; x_wconf 86' lang='lat'><strong>54)</strong></span> <span class='ocrx_word' id='word_1_199' title='bbox 396 1681 560 1725; x_wconf 85' lang='lat' dir='ltr'><strong>equidem</strong></span> <span class='ocrx_word' id='word_1_200' title='bbox 586 1680 715 1715; x_wconf 89' lang='lat' dir='ltr'><strong>iudico.</strong></span> 
     </span>
    </p>

    <p class='ocr_par' dir='ltr' id='par_1_5' title="bbox 328 1734 1221 1784">
     <span class='ocr_line' id='line_1_24' title="bbox 328 1734 1221 1784; baseline 0 -12"><span class='ocrx_word' id='word_1_201' title='bbox 328 1739 357 1782; x_wconf 86' lang='lat'><strong>3)</strong></span> <span class='ocrx_word' id='word_1_202' title='bbox 384 1737 577 1784; x_wconf 79' lang='grc' dir='ltr'>Σαραπίων</span> <span class='ocrx_word' id='word_1_203' title='bbox 602 1736 837 1782; x_wconf 78' lang='grc' dir='ltr'><em>Ἀλεξάνδρου</em></span> <span class='ocrx_word' id='word_1_204' title='bbox 864 1737 938 1776; x_wconf 79' lang='grc' dir='ltr'><strong><em>υἱὸς</em></strong></span> <span class='ocrx_word' id='word_1_205' title='bbox 966 1734 1221 1783; x_wconf 80' lang='grc' dir='ltr'><em>Νεαπολείτης.</em></span> 
     </span>
    </p>

    <p class='ocr_par' dir='ltr' id='par_1_6' title="bbox 328 1792 1119 1840">
     <span class='ocr_line' id='line_1_25' title="bbox 328 1792 1119 1840; baseline -0.001 -11"><span class='ocrx_word' id='word_1_206' title='bbox 328 1796 358 1838; x_wconf 73' lang='grc'><strong>4)</strong></span> <span class='ocrx_word' id='word_1_207' title='bbox 385 1794 540 1837; x_wconf 79' lang='grc' dir='ltr'><em>Σίμαλος</em></span> <span class='ocrx_word' id='word_1_208' title='bbox 569 1793 750 1840; x_wconf 80' lang='grc' dir='ltr'><em>Τιμάρχου</em></span> <span class='ocrx_word' id='word_1_209' title='bbox 776 1794 852 1833; x_wconf 82' lang='grc' dir='ltr'><strong><em>υἱὸς</em></strong></span> <span class='ocrx_word' id='word_1_210' title='bbox 882 1792 1119 1839; x_wconf 76' lang='grc' dir='ltr'><em>Ταραντῖνος.</em></span> 
     </span>
    </p>

    <p class='ocr_par' dir='ltr' id='par_1_7' title="bbox 330 1851 1200 1895">
     <span class='ocr_line' id='line_1_26' title="bbox 330 1851 1200 1895; baseline -0.003 -8"><span class='ocrx_word' id='word_1_211' title='bbox 330 1854 358 1895; x_wconf 77' lang='lat'><strong>5)</strong></span> <span class='ocrx_word' id='word_1_212' title='bbox 383 1853 484 1887; x_wconf 85' lang='lat' dir='ltr'><strong>Haec</strong></span> <span class='ocrx_word' id='word_1_213' title='bbox 509 1857 592 1888; x_wconf 89' lang='lat' dir='ltr'><strong>sunt</strong></span> <span class='ocrx_word' id='word_1_214' title='bbox 619 1851 816 1886; x_wconf 88' lang='lat' dir='ltr'><strong>Schoefferi</strong></span> <span class='ocrx_word' id='word_1_215' title='bbox 842 1851 950 1886; x_wconf 74' lang='lat' dir='ltr'><strong>verba</strong></span> <span class='ocrx_word' id='word_1_216' title='bbox 976 1851 997 1885; x_wconf 94' lang='lat' dir='ltr'><strong>l.</strong></span> <span class='ocrx_word' id='word_1_217' title='bbox 1023 1851 1044 1884; x_wconf 94' lang='lat' dir='ltr'><strong>l.</strong></span> <span class='ocrx_word' id='word_1_218' title='bbox 1072 1862 1105 1895; x_wconf 91' lang='lat' dir='ltr'><strong>p.</strong></span> <span class='ocrx_word' id='word_1_219' title='bbox 1127 1854 1200 1886; x_wconf 85' lang='lat'>190.</span> 
     </span>
    </p>

    <p class='ocr_par' dir='ltr' id='par_1_8' title="bbox 213 1908 1720 2242">
     <span class='ocr_line' id='line_1_27' title="bbox 328 1908 1720 1954; baseline -0.001 -8"><span class='ocrx_word' id='word_1_220' title='bbox 328 1911 358 1953; x_wconf 74' lang='grc'><strong>6)</strong></span> <span class='ocrx_word' id='word_1_221' title='bbox 385 1911 484 1954; x_wconf 81' lang='lat' dir='ltr'><strong>Quod</strong></span> <span class='ocrx_word' id='word_1_222' title='bbox 512 1911 675 1946; x_wconf 91' lang='lat' dir='ltr'><strong>Homolle</strong></span> <span class='ocrx_word' id='word_1_223' title='bbox 702 1920 781 1945; x_wconf 89' lang='lat' dir='ltr'><strong>cum</strong></span> <span class='ocrx_word' id='word_1_224' title='bbox 807 1909 1004 1944; x_wconf 85' lang='lat' dir='ltr'><strong>Reinachio</strong></span> <span class='ocrx_word' id='word_1_225' title='bbox 1030 1908 1137 1951; x_wconf 88' lang='lat' dir='ltr'><strong>(Bull.</strong></span> <span class='ocrx_word' id='word_1_226' title='bbox 1165 1908 1207 1943; x_wconf 88' lang='lat' dir='ltr'><strong>de</strong></span> <span class='ocrx_word' id='word_1_227' title='bbox 1234 1919 1303 1943; x_wconf 87' lang='lat' dir='ltr'><strong>cor.</strong></span> <span class='ocrx_word' id='word_1_228' title='bbox 1331 1909 1423 1943; x_wconf 89' lang='lat' dir='ltr'><strong>Hell.</strong></span> <span class='ocrx_word' id='word_1_229' title='bbox 1450 1909 1517 1943; x_wconf 92' lang='lat' dir='ltr'><strong>VII</strong></span> <span class='ocrx_word' id='word_1_230' title='bbox 1541 1920 1575 1952; x_wconf 88' lang='lat' dir='ltr'><strong>p.</strong></span> <span class='ocrx_word' id='word_1_231' title='bbox 1592 1912 1659 1945; x_wconf 80' lang='lat'><strong>466</strong></span> <span class='ocrx_word' id='word_1_232' title='bbox 1685 1915 1720 1944; x_wconf 86' lang='lat' dir='ltr'><strong>et</strong></span> 
     </span>
     <span class='ocr_line' id='line_1_28' title="bbox 214 1962 1719 2012; baseline -0.001 -9"><span class='ocrx_word' id='word_1_233' title='bbox 214 1970 295 2007; x_wconf 82' lang='lat'>467)</span> <span class='ocrx_word' id='word_1_234' title='bbox 322 1968 490 2012; x_wconf 82' lang='lat' dir='ltr'><strong>opinatur</strong></span> <span class='ocrx_word' id='word_1_235' title='bbox 515 1967 613 2004; x_wconf 84' lang='lat' dir='ltr'><strong>(ibid.</strong></span> <span class='ocrx_word' id='word_1_236' title='bbox 634 1962 719 2001; x_wconf 84' lang='lat' dir='ltr'>VIII</span> <span class='ocrx_word' id='word_1_237' title='bbox 744 1978 777 2011; x_wconf 89' lang='lat' dir='ltr'><strong>p.</strong></span> <span class='ocrx_word' id='word_1_238' title='bbox 799 1970 863 2002; x_wconf 82' lang='lat'><strong>129</strong></span> <span class='ocrx_word' id='word_1_239' title='bbox 882 1971 918 2001; x_wconf 82' lang='lat' dir='ltr'><strong>et</strong></span> <span class='ocrx_word' id='word_1_240' title='bbox 936 1966 1015 2000; x_wconf 88' lang='lat' dir='ltr'><strong>adn.</strong></span> <span class='ocrx_word' id='word_1_241' title='bbox 1034 1969 1071 2009; x_wconf 89' lang='lat'><strong>3)</strong></span> <span class='ocrx_word' id='word_1_242' title='bbox 1089 1966 1359 2002; x_wconf 87' lang='lat' dir='ltr'><strong>Posidoniastas</strong></span> <span class='ocrx_word' id='word_1_243' title='bbox 1377 1967 1604 2011; x_wconf 88' lang='lat' dir='ltr'><strong>Berytenses,</strong></span> <span class='ocrx_word' id='word_1_244' title='bbox 1630 1978 1719 2011; x_wconf 89' lang='lat' dir='ltr'><strong>quos</strong></span> 
     </span>
     <span class='ocr_line' id='line_1_29' title="bbox 215 2023 1720 2069; baseline 0.001 -10"><span class='ocrx_word' id='word_1_245' title='bbox 215 2025 337 2060; x_wconf 88' lang='lat' dir='ltr'><strong>eodem</strong></span> <span class='ocrx_word' id='word_1_246' title='bbox 362 2026 465 2060; x_wconf 88' lang='lat' dir='ltr'><strong>modo</strong></span> <span class='ocrx_word' id='word_1_247' title='bbox 491 2025 680 2069; x_wconf 84' lang='lat' dir='ltr'><strong>collegium</strong></span> <span class='ocrx_word' id='word_1_248' title='bbox 705 2024 866 2059; x_wconf 88' lang='lat' dir='ltr'><strong>effecisse</strong></span> <span class='ocrx_word' id='word_1_249' title='bbox 894 2035 937 2058; x_wconf 87' lang='lat' dir='ltr'><strong>ex</strong></span> <span class='ocrx_word' id='word_1_250' title='bbox 963 2023 1067 2058; x_wconf 85' lang='lat' dir='ltr'><strong>titulo</strong></span> <span class='ocrx_word' id='word_1_251' title='bbox 1093 2023 1185 2057; x_wconf 93' lang='lat' dir='ltr'><strong>Bull.</strong></span> <span class='ocrx_word' id='word_1_252' title='bbox 1213 2023 1255 2058; x_wconf 88' lang='lat' dir='ltr'><strong>de</strong></span> <span class='ocrx_word' id='word_1_253' title='bbox 1282 2034 1311 2059; x_wconf 85' lang='lat' dir='ltr'><strong>c.</strong></span> <span class='ocrx_word' id='word_1_254' title='bbox 1335 2024 1428 2059; x_wconf 88' lang='lat' dir='ltr'><strong>Hell.</strong></span> <span class='ocrx_word' id='word_1_255' title='bbox 1446 2024 1513 2058; x_wconf 87' lang='lat' dir='ltr'><strong>VII</strong></span> <span class='ocrx_word' id='word_1_256' title='bbox 1538 2025 1720 2060; x_wconf 84' lang='lat'>467—476</span> 
     </span>
     <span class='ocr_line' id='line_1_30' title="bbox 215 2080 1719 2127; baseline -0.001 -10"><span class='ocrx_word' id='word_1_257' title='bbox 215 2083 342 2127; x_wconf 87' lang='lat' dir='ltr'><strong>elucet,</strong></span> <span class='ocrx_word' id='word_1_258' title='bbox 366 2088 472 2127; x_wconf 87' lang='lat' dir='ltr'><strong>atque</strong></span> <span class='ocrx_word' id='word_1_259' title='bbox 491 2082 773 2126; x_wconf 85' lang='lat' dir='ltr'><strong>Apolloniastas,</strong></span> <span class='ocrx_word' id='word_1_260' title='bbox 799 2092 888 2126; x_wconf 91' lang='lat' dir='ltr'><strong>quos</strong></span> <span class='ocrx_word' id='word_1_261' title='bbox 915 2082 1012 2126; x_wconf 89' lang='lat' dir='ltr'><strong>ipsos</strong></span> <span class='ocrx_word' id='word_1_262' title='bbox 1032 2092 1173 2125; x_wconf 86' lang='lat' dir='ltr'><strong>quoque</strong></span> <span class='ocrx_word' id='word_1_263' title='bbox 1192 2082 1287 2116; x_wconf 85' lang='lat' dir='ltr'><strong>cives</strong></span> <span class='ocrx_word' id='word_1_264' title='bbox 1304 2081 1403 2116; x_wconf 87' lang='lat' dir='ltr'><strong>urbis</strong></span> <span class='ocrx_word' id='word_1_265' title='bbox 1423 2080 1576 2115; x_wconf 87' lang='lat' dir='ltr'><strong>alicuius</strong></span> <span class='ocrx_word' id='word_1_266' title='bbox 1595 2081 1719 2125; x_wconf 83' lang='lat' dir='ltr'><strong>Syriae</strong></span> 
     </span>
     <span class='ocr_line' id='line_1_31' title="bbox 214 2137 1718 2183; baseline -0.001 -9"><span class='ocrx_word' id='word_1_267' title='bbox 214 2144 277 2174; x_wconf 89' lang='lat' dir='ltr'><strong>aut</strong></span> <span class='ocrx_word' id='word_1_268' title='bbox 306 2140 533 2175; x_wconf 87' lang='lat' dir='ltr'><strong>Palaestinae</strong></span> <span class='ocrx_word' id='word_1_269' title='bbox 564 2139 676 2174; x_wconf 80' lang='lat' dir='ltr'><strong>fuisse</strong></span> <span class='ocrx_word' id='word_1_270' title='bbox 709 2139 857 2183; x_wconf 88' lang='lat' dir='ltr'><strong>conicit,</strong></span> <span class='ocrx_word' id='word_1_271' title='bbox 890 2149 970 2174; x_wconf 87' lang='lat' dir='ltr'><strong>cum</strong></span> <span class='ocrx_word' id='word_1_272' title='bbox 1001 2138 1138 2173; x_wconf 82' lang='lat' dir='ltr'><strong>Italicis</strong></span> <span class='ocrx_word' id='word_1_273' title='bbox 1174 2143 1353 2182; x_wconf 89' lang='lat' dir='ltr'><strong>postremo</strong></span> <span class='ocrx_word' id='word_1_274' title='bbox 1388 2148 1497 2172; x_wconf 89' lang='lat' dir='ltr'><strong>unum</strong></span> <span class='ocrx_word' id='word_1_275' title='bbox 1529 2137 1718 2182; x_wconf 81' lang='lat' dir='ltr'><strong>collegium</strong></span> 
     </span>
     <span class='ocr_line' id='line_1_32' title="bbox 213 2195 1190 2242; baseline -0.002 -11"><span class='ocrx_word' id='word_1_276' title='bbox 213 2197 395 2242; x_wconf 84' lang='lat' dir='ltr'><strong>habuisse,</strong></span> <span class='ocrx_word' id='word_1_277' title='bbox 421 2207 587 2241; x_wconf 83' lang='lat' dir='ltr'><strong>perverse</strong></span> <span class='ocrx_word' id='word_1_278' title='bbox 615 2197 659 2231; x_wconf 85' lang='lat' dir='ltr'><strong>ab</strong></span> <span class='ocrx_word' id='word_1_279' title='bbox 686 2197 737 2231; x_wconf 89' lang='lat' dir='ltr'><strong>eis</strong></span> <span class='ocrx_word' id='word_1_280' title='bbox 763 2196 954 2240; x_wconf 89' lang='lat' dir='ltr'><strong>iudicatur,</strong></span> <span class='ocrx_word' id='word_1_281' title='bbox 981 2196 1050 2230; x_wconf 89' lang='lat' dir='ltr'><strong>nisi</strong></span> <span class='ocrx_word' id='word_1_282' title='bbox 1075 2195 1190 2230; x_wconf 86' lang='lat' dir='ltr'><strong>fallor.</strong></span> 
     </span>
    </p>

    <p class='ocr_par' dir='ltr' id='par_1_9' title="bbox 253 2252 1390 2295">
     <span class='ocr_line' id='line_1_33' title="bbox 253 2252 1390 2295; baseline -0.003 -7"><span class='ocrx_word' id='word_1_283' title='bbox 253 2253 256 2255; x_wconf 72' lang='grc'><strong>’</strong></span> <span class='ocrx_word' id='word_1_284' title='bbox 329 2254 358 2295; x_wconf 84' lang='grc'><strong>7)</strong></span> <span class='ocrx_word' id='word_1_285' title='bbox 383 2254 461 2288; x_wconf 90' lang='lat' dir='ltr'><strong>Hoc</strong></span> <span class='ocrx_word' id='word_1_286' title='bbox 487 2254 557 2287; x_wconf 89' lang='lat' dir='ltr'><strong>iam</strong></span> <span class='ocrx_word' id='word_1_287' title='bbox 583 2253 765 2287; x_wconf 91' lang='lat' dir='ltr'><strong>Homollio</strong></span> <span class='ocrx_word' id='word_1_288' title='bbox 792 2253 920 2287; x_wconf 87' lang='lat' dir='ltr'><strong>mirum</strong></span> <span class='ocrx_word' id='word_1_289' title='bbox 946 2252 1143 2287; x_wconf 81' lang='lat' dir='ltr'><strong>videbatur.</strong></span> <span class='ocrx_word' id='word_1_290' title='bbox 1194 2252 1236 2286; x_wconf 87' lang='lat' dir='ltr'><strong>cf.</strong></span> <span class='ocrx_word' id='word_1_291' title='bbox 1263 2263 1296 2295; x_wconf 90' lang='lat' dir='ltr'><strong>p.</strong></span> <span class='ocrx_word' id='word_1_292' title='bbox 1318 2253 1390 2287; x_wconf 78' lang='lat'>147.</span> 
     </span>
    </p>

    <p class='ocr_par' dir='ltr' id='par_1_10' title="bbox 214 2308 1718 2756">
     <span class='ocr_line' id='line_1_34' title="bbox 329 2308 1717 2355; baseline 0 -10"><span class='ocrx_word' id='word_1_293' title='bbox 329 2311 360 2355; x_wconf 74' lang='lat'><strong>8)</strong></span> <span class='ocrx_word' id='word_1_294' title='bbox 383 2310 476 2345; x_wconf 86' lang='lat' dir='ltr'><strong>Nam</strong></span> <span class='ocrx_word' id='word_1_295' title='bbox 503 2311 597 2355; x_wconf 86' lang='lat' dir='ltr'><strong>quod</strong></span> <span class='ocrx_word' id='word_1_296' title='bbox 625 2310 833 2355; x_wconf 59' lang='lat' dir='ltr'><strong>»conlegia«</strong></span> <span class='ocrx_word' id='word_1_297' title='bbox 862 2310 1090 2344; x_wconf 86' lang='lat' dir='ltr'><strong>nominantur</strong></span> <span class='ocrx_word' id='word_1_298' title='bbox 1116 2310 1151 2343; x_wconf 89' lang='lat' dir='ltr'><strong>in</strong></span> <span class='ocrx_word' id='word_1_299' title='bbox 1177 2309 1281 2343; x_wconf 89' lang='lat' dir='ltr'><strong>titulo</strong></span> <span class='ocrx_word' id='word_1_300' title='bbox 1305 2308 1380 2343; x_wconf 88' lang='lat' dir='ltr'><strong>CIL</strong></span> <span class='ocrx_word' id='word_1_301' title='bbox 1397 2309 1449 2343; x_wconf 90' lang='lat' dir='ltr'><strong>III</strong></span> <span class='ocrx_word' id='word_1_302' title='bbox 1476 2309 1598 2353; x_wconf 82' lang='lat' dir='ltr'><strong>Suppl.</strong></span> <span class='ocrx_word' id='word_1_303' title='bbox 1617 2310 1717 2353; x_wconf 85' lang='lat'><strong>7235,</strong></span> 
     </span>
     <span class='ocr_line' id='line_1_35' title="bbox 216 2367 1718 2411; baseline -0.001 -9"><span class='ocrx_word' id='word_1_304' title='bbox 216 2378 286 2411; x_wconf 88' lang='lat' dir='ltr'><strong>quo</strong></span> <span class='ocrx_word' id='word_1_305' title='bbox 303 2368 343 2402; x_wconf 89' lang='lat' dir='ltr'><strong>L.</strong></span> <span class='ocrx_word' id='word_1_306' title='bbox 363 2368 548 2402; x_wconf 87' lang='lat' dir='ltr'><strong>Cornelius</strong></span> <span class='ocrx_word' id='word_1_307' title='bbox 571 2368 670 2402; x_wconf 87' lang='lat' dir='ltr'><strong>Sulla</strong></span> <span class='ocrx_word' id='word_1_308' title='bbox 695 2368 887 2411; x_wconf 87' lang='lat' dir='ltr'><strong>proconsul</strong></span> <span class='ocrx_word' id='word_1_309' title='bbox 914 2378 944 2401; x_wconf 91' lang='lat' dir='ltr'><strong>a.</strong></span> <span class='ocrx_word' id='word_1_310' title='bbox 963 2369 1091 2407; x_wconf 67' lang='lat' dir='ltr'>667s87</span> <span class='ocrx_word' id='word_1_311' title='bbox 1117 2368 1324 2411; x_wconf 86' lang='lat' dir='ltr'><strong>honoratur,</strong></span> <span class='ocrx_word' id='word_1_312' title='bbox 1352 2378 1395 2401; x_wconf 87' lang='lat' dir='ltr'><strong>ex</strong></span> <span class='ocrx_word' id='word_1_313' title='bbox 1423 2377 1466 2401; x_wconf 87' lang='lat' dir='ltr'><strong>ea</strong></span> <span class='ocrx_word' id='word_1_314' title='bbox 1490 2377 1528 2401; x_wconf 86' lang='lat' dir='ltr'><strong>re</strong></span> <span class='ocrx_word' id='word_1_315' title='bbox 1554 2367 1718 2402; x_wconf 85' lang='lat' dir='ltr'><strong>concludi</strong></span> 
     </span>
     <span class='ocr_line' id='line_1_36' title="bbox 215 2424 1717 2469; baseline -0.001 -9"><span class='ocrx_word' id='word_1_316' title='bbox 215 2436 361 2461; x_wconf 86' lang='lat' dir='ltr'><strong>necesse</strong></span> <span class='ocrx_word' id='word_1_317' title='bbox 393 2436 462 2460; x_wconf 92' lang='lat' dir='ltr'><strong>non</strong></span> <span class='ocrx_word' id='word_1_318' title='bbox 494 2432 547 2460; x_wconf 85' lang='lat' dir='ltr'><strong>est</strong></span> <span class='ocrx_word' id='word_1_319' title='bbox 577 2426 698 2468; x_wconf 86' lang='lat' dir='ltr'><strong>(aliter</strong></span> <span class='ocrx_word' id='word_1_320' title='bbox 725 2426 908 2460; x_wconf 84' lang='lat' dir='ltr'><strong>Schoeffer</strong></span> <span class='ocrx_word' id='word_1_321' title='bbox 938 2426 960 2459; x_wconf 91' lang='lat' dir='ltr'><strong>l.</strong></span> <span class='ocrx_word' id='word_1_322' title='bbox 986 2425 1008 2459; x_wconf 44' lang='lat' dir='ltr'><strong>l,</strong></span> <span class='ocrx_word' id='word_1_323' title='bbox 1035 2436 1068 2469; x_wconf 85' lang='lat' dir='ltr'><strong>p.</strong></span> <span class='ocrx_word' id='word_1_324' title='bbox 1087 2427 1169 2467; x_wconf 84' lang='grc'>217)</span> <span class='ocrx_word' id='word_1_325' title='bbox 1204 2424 1375 2459; x_wconf 87' lang='lat' dir='ltr'><strong>nonnulla</strong></span> <span class='ocrx_word' id='word_1_326' title='bbox 1407 2424 1557 2468; x_wconf 85' lang='lat' dir='ltr'><strong>collegia</strong></span> <span class='ocrx_word' id='word_1_327' title='bbox 1587 2424 1717 2459; x_wconf 88' lang='lat' dir='ltr'><strong>Roma-</strong></span> 
     </span>
     <span class='ocr_line' id='line_1_37' title="bbox 215 2482 1717 2526; baseline 0 -9"><span class='ocrx_word' id='word_1_328' title='bbox 215 2494 341 2517; x_wconf 92' lang='lat' dir='ltr'><strong>norum</strong></span> <span class='ocrx_word' id='word_1_329' title='bbox 365 2488 439 2518; x_wconf 88' lang='lat' dir='ltr'><strong>tum</strong></span> <span class='ocrx_word' id='word_1_330' title='bbox 463 2482 573 2517; x_wconf 84' lang='lat' dir='ltr'><strong>fuisse</strong></span> <span class='ocrx_word' id='word_1_331' title='bbox 600 2483 691 2517; x_wconf 91' lang='lat' dir='ltr'><strong>Deli.</strong></span> <span class='ocrx_word' id='word_1_332' title='bbox 747 2483 839 2516; x_wconf 86' lang='lat' dir='ltr'><strong>Nam</strong></span> <span class='ocrx_word' id='word_1_333' title='bbox 873 2488 1018 2526; x_wconf 87' lang='lat' dir='ltr'><strong>praeter</strong></span> <span class='ocrx_word' id='word_1_334' title='bbox 1043 2483 1249 2517; x_wconf 87' lang='lat' dir='ltr'><strong>Italicorum</strong></span> <span class='ocrx_word' id='word_1_335' title='bbox 1281 2482 1469 2526; x_wconf 84' lang='lat' dir='ltr'><strong>collegium</strong></span> <span class='ocrx_word' id='word_1_336' title='bbox 1501 2483 1614 2517; x_wconf 85' lang='lat' dir='ltr'><strong>multa</strong></span> <span class='ocrx_word' id='word_1_337' title='bbox 1645 2483 1717 2518; x_wconf 86' lang='lat' dir='ltr'><strong>alia</strong></span> 
     </span>
     <span class='ocr_line' id='line_1_38' title="bbox 216 2539 1716 2583; baseline 0.001 -9"><span class='ocrx_word' id='word_1_338' title='bbox 216 2540 453 2575; x_wconf 84' lang='lat' dir='ltr'><strong>Orientalium</strong></span> <span class='ocrx_word' id='word_1_339' title='bbox 492 2540 638 2575; x_wconf 87' lang='lat' dir='ltr'><strong>fuerunt</strong></span> <span class='ocrx_word' id='word_1_340' title='bbox 677 2540 743 2583; x_wconf 89' lang='lat' dir='ltr'><strong>ibi,</strong></span> <span class='ocrx_word' id='word_1_341' title='bbox 785 2545 824 2574; x_wconf 86' lang='lat' dir='ltr'><strong>ut</strong></span> <span class='ocrx_word' id='word_1_342' title='bbox 864 2539 935 2573; x_wconf 89' lang='lat' dir='ltr'><strong>iam</strong></span> <span class='ocrx_word' id='word_1_343' title='bbox 976 2540 1069 2583; x_wconf 87' lang='lat' dir='ltr'><strong>dixi,</strong></span> <span class='ocrx_word' id='word_1_344' title='bbox 1111 2549 1201 2583; x_wconf 85' lang='lat' dir='ltr'><strong>quae</strong></span> <span class='ocrx_word' id='word_1_345' title='bbox 1241 2540 1358 2574; x_wconf 86' lang='lat' dir='ltr'><strong>omnia</strong></span> <span class='ocrx_word' id='word_1_346' title='bbox 1390 2540 1452 2574; x_wconf 89' lang='lat' dir='ltr'><strong>illo</strong></span> <span class='ocrx_word' id='word_1_347' title='bbox 1484 2540 1590 2575; x_wconf 82' lang='lat' dir='ltr'><strong>verbo</strong></span> <span class='ocrx_word' id='word_1_348' title='bbox 1624 2551 1716 2575; x_wconf 87' lang='lat' dir='ltr'><strong>com-</strong></span> 
     </span>
     <span class='ocr_line' id='line_1_39' title="bbox 214 2597 1716 2641; baseline 0.001 -9"><span class='ocrx_word' id='word_1_349' title='bbox 214 2598 394 2641; x_wconf 85' lang='lat' dir='ltr'><strong>prehensa</strong></span> <span class='ocrx_word' id='word_1_350' title='bbox 427 2608 504 2633; x_wconf 87' lang='lat' dir='ltr'><strong>esse</strong></span> <span class='ocrx_word' id='word_1_351' title='bbox 538 2598 702 2633; x_wconf 87' lang='lat' dir='ltr'><strong>arbitror.</strong></span> <span class='ocrx_word' id='word_1_352' title='bbox 767 2597 926 2632; x_wconf 87' lang='lat' dir='ltr'><strong>Titulum</strong></span> <span class='ocrx_word' id='word_1_353' title='bbox 960 2602 1079 2632; x_wconf 83' lang='lat' dir='ltr'><strong>autem</strong></span> <span class='ocrx_word' id='word_1_354' title='bbox 1111 2597 1244 2632; x_wconf 86' lang='lat' dir='ltr'><strong>idcirco</strong></span> <span class='ocrx_word' id='word_1_355' title='bbox 1281 2597 1392 2631; x_wconf 80' lang='lat' dir='ltr'><strong>lat-ine</strong></span> <span class='ocrx_word' id='word_1_356' title='bbox 1430 2597 1602 2641; x_wconf 87' lang='lat' dir='ltr'><strong>scriptum</strong></span> <span class='ocrx_word' id='word_1_357' title='bbox 1639 2608 1716 2633; x_wconf 86' lang='lat' dir='ltr'><strong>esse</strong></span> 
     </span>
     <span class='ocr_line' id='line_1_40' title="bbox 217 2654 1716 2698; baseline -0.001 -9"><span class='ocrx_word' id='word_1_358' title='bbox 217 2654 340 2698; x_wconf 87' lang='lat' dir='ltr'><strong>credo,</strong></span> <span class='ocrx_word' id='word_1_359' title='bbox 374 2654 459 2697; x_wconf 85' lang='lat' dir='ltr'><strong>quia</strong></span> <span class='ocrx_word' id='word_1_360' title='bbox 482 2655 690 2690; x_wconf 86' lang='lat' dir='ltr'><strong>Italicorum</strong></span> <span class='ocrx_word' id='word_1_361' title='bbox 716 2655 870 2690; x_wconf 84' lang='lat' dir='ltr'><strong>societas</strong></span> <span class='ocrx_word' id='word_1_362' title='bbox 895 2654 985 2689; x_wconf 86' lang='lat' dir='ltr'><strong>alias</strong></span> <span class='ocrx_word' id='word_1_363' title='bbox 1012 2658 1267 2698; x_wconf 86' lang='lat' dir='ltr'><strong>commoverat,</strong></span> <span class='ocrx_word' id='word_1_364' title='bbox 1298 2659 1338 2688; x_wconf 88' lang='lat' dir='ltr'><strong>ut</strong></span> <span class='ocrx_word' id='word_1_365' title='bbox 1362 2654 1557 2698; x_wconf 85' lang='lat' dir='ltr'><strong>participes</strong></span> <span class='ocrx_word' id='word_1_366' title='bbox 1586 2654 1716 2698; x_wconf 84' lang='lat' dir='ltr'><strong>lapidis</strong></span> 
     </span>
     <span class='ocr_line' id='line_1_41' title="bbox 215 2711 533 2756; baseline 0 -10"><span class='ocrx_word' id='word_1_367' title='bbox 215 2711 370 2756; x_wconf 89' lang='lat' dir='ltr'><strong>ponendi</strong></span> <span class='ocrx_word' id='word_1_368' title='bbox 395 2711 533 2747; x_wconf 86' lang='lat' dir='ltr'><strong>fierent.</strong></span> 
     </span>
    </p>
   </div>
  </div>
 </body>
</html>
