1928 2884
782 127 1060 166 ..52-

173 253 315 292 eodem
345 253 434 290 loco
466 258 547 291 erat
575 262 702 301 neque
723 250 979 300 municipium
1009 261 1139 300 neque
1161 248 1328 297 colonia,
1360 260 1479 298 quam
1506 248 1560 286 ob
1590 259 1673 286 rem

174 321 291 368 cives,
324 327 365 358 ut
395 320 508 372 quasi
539 333 620 359 rem
651 317 855 369 publicam
888 318 960 358 sibi
991 318 1064 368 ipsi
1097 318 1394 365 constituerent,
1434 322 1675 355 conventum

174 390 405 429 efficiebant.
458 390 603 427 Mirum
634 396 765 426 autem
796 395 854 426 est
886 387 1004 426 etiam
1027 395 1118 437 post
1150 387 1243 425 illud
1266 388 1424 433 bellum,
1456 397 1536 436 quo
1558 384 1678 423 Cam-

174 459 266 508 pani
297 459 451 498 incolae
488 457 569 508 agri
610 456 682 507 ipsi
714 468 875 507 quoque
914 462 1015 494 certe
1055 455 1254 494 civitatem
1286 457 1510 493 Romanam
1547 463 1677 490 rursus

176 539 266 566 cum
306 527 388 565 iure
429 526 600 577 suffragii
640 525 809 564 assecuti
840 522 995 574 suntl),
1038 531 1275 562 conventum
1315 521 1599 573 permansisse,
1637 519 1678 558 id

175 597 284 645 quod
317 596 517 634 discedere
549 608 571 632 a
601 607 710 632 more
741 594 817 632 iam
851 593 1032 631 diximus.
1089 593 1168 631 Sed
1198 591 1312 630 facile
1342 592 1420 629 hoc
1449 589 1675 640 explicatur.

175 659 280 702 Nam
312 670 528 702 conventus
560 671 757 701 aratorum
788 661 991 711 municipii
1023 662 1112 699 loco
1145 661 1222 698 iam
1255 659 1398 698 diutius
1436 659 1506 697 fuit
1536 657 1678 696 eodem

176 731 310 779 modo,
344 742 423 780 quo
455 729 620 780 collegia
650 729 820 779 pagique
851 729 1160 778 Campanorum.
1213 727 1404 775 Accessit,
1437 735 1479 765 ut
1509 726 1562 764 illi
1593 737 1677 763 ara-

176 808 279 838 tores
311 806 430 849 atque
468 810 714 848 possessores
755 795 930 834 maxima
970 809 1017 833 ex
1055 803 1164 844 parte
1200 808 1247 833 ex
1288 794 1442 833 familiis
1478 795 1680 834 ditissimis

177 870 331 906 Romae
356 868 430 906 orti
462 873 660 916 praestare
692 878 732 903 se
762 864 834 902 illis
867 863 1083 913 Campanis
1114 863 1320 912 opificibus
1359 863 1574 914 ceterisque
1610 875 1681 913 pu-

176 943 320 981 tarent,
353 948 473 985 quam
506 936 558 973 ob
597 945 697 979 rem,
745 932 879 981 quoad
921 929 1207 968 administratio
1248 929 1496 980 municipalis
1534 930 1679 980 deerat,

177 1016 289 1043 suum
323 1003 531 1054 collegium
563 1001 791 1040 retinebant.

294 1073 371 1112 Sed
402 1085 506 1110 anno
530 1069 687 1120 695s59
721 1072 807 1120 lege
828 1068 926 1107 Iulia
957 1066 1094 1117 viginti
1116 1066 1222 1104 milia
1243 1067 1474 1105 colonorum
1506 1067 1545 1105 in
1568 1067 1684 1105 Cam-

177 1142 337 1193 paniam
369 1141 544 1180 deducta
574 1147 675 1186 sunt,
709 1138 903 1187 simulque
934 1138 1085 1186 Capua,
1117 1135 1280 1182 Calatia,
1304 1135 1535 1183 Casilinum,
1568 1136 1684 1185 longe

179 1209 475 1261 opulentissima
506 1209 656 1259 oppida
681 1208 775 1258 agri,
809 1206 988 1245 coloniae
1012 1207 1218 1243 Romanae
1239 1201 1396 1254 facta2).
1448 1203 1570 1253 Atqui
1599 1204 1685 1242 luce

179 1279 318 1319 clarius
349 1286 427 1326 est,
471 1278 501 1316 si
532 1278 618 1325 illa,
652 1289 753 1326 quae
790 1283 1056 1314 conventuum
1086 1281 1194 1312 erant
1223 1272 1401 1323 propria,
1441 1271 1683 1322 respicimus,

178 1347 342 1388 coloniis
374 1346 617 1386 Caesarianis
648 1347 901 1395 absumptum
932 1356 1017 1382 esse
1048 1349 1228 1392 oportere
1266 1348 1506 1380 conventum
1539 1340 1683 1379 civium

179 1420 454 1456 Romanorum
484 1417 645 1465 Capuae
676 1414 885 1463 sociosque
917 1419 1135 1451 conventus
1168 1412 1293 1448 factos
1325 1422 1409 1448 esse
1440 1410 1545 1447 cives
1578 1410 1685 1447 colo-

180 1488 345 1526 niarum.
398 1487 512 1523 Haec
543 1483 705 1533 quidem
737 1484 847 1520 locus
879 1482 942 1519 ille
973 1480 1012 1518 in
1034 1478 1236 1519 Ciceronis
1268 1478 1445 1516 oratione
1466 1490 1537 1527 pro
1562 1476 1686 1515 Sestio

180 1557 317 1594 habita
347 1555 421 1604 (IV
453 1552 510 1602 9),
543 1565 660 1601 quem
692 1553 770 1589 iam
802 1562 917 1600 supra
947 1549 1158 1595 attulimus,
1198 1545 1507 1597 praeclarissime
1547 1547 1688 1584 confir-

181 1631 274 1672 mat,
307 1623 374 1661 ubi
405 1629 535 1660 orator
565 1634 646 1659 rem
677 1627 768 1658 ante
798 1631 945 1657 annum
978 1620 1058 1657 695
1092 1629 1128 1655 u.
1154 1630 1186 1655 c.
1222 1618 1366 1654 factam
1398 1628 1557 1653 narrans
1591 1627 1686 1653 con-

182 1700 341 1732 ventum
363 1694 523 1741 Capuae
553 1691 673 1738 affert,
705 1696 823 1738 atque
853 1700 944 1726 cum
976 1688 1025 1725 de
1057 1699 1103 1725 eo
1134 1694 1323 1735 tempore,
1357 1696 1436 1733 quo
1469 1683 1685 1722 orationem

182 1761 331 1809 habuit,
363 1760 471 1799 initio
502 1758 593 1797 anni
625 1759 725 1805 698,
760 1759 880 1795 verba
911 1756 1013 1803 facit,
1052 1750 1277 1793 »eosdem
1315 1749 1587 1801 homines«,
1620 1752 1687 1802 qui

182 1836 298 1867 antea
329 1835 567 1866 conventum
599 1824 816 1871 habuerint,
857 1821 1076 1862 »nomine
1108 1826 1460 1869 commutato«,
1493 1828 1535 1859 ut
1565 1820 1687 1871 ipsius

185 1897 314 1935 verbis
343 1905 439 1943 utar,
477 1892 665 1934 »colonos
685 1891 1028 1944 decurionesque«
1066 1887 1287 1941 appellat3).
1337 1893 1575 1940 Repugnant
1595 1901 1689 1928 sane

184 1967 264 2004 duo
296 1965 373 2004 loci
405 1965 444 2003 in
475 1964 654 2003 Caesaris
686 1964 735 2002 de
765 1964 869 2002 bello
902 1961 1002 2000 civili
1032 1961 1139 1999 libris
1152 1959 1184 2010 4)
1223 1968 1342 2009 atque
1371 1970 1472 1996 unus
1503 1957 1541 1996 in
1574 1957 1684 1997 Cice-

183 2034 290 2072 ronis
320 2033 496 2084 epistulis
523 2033 576 2071 ad
599 2032 774 2071 Atticum
786 2030 830 2082 ⁵),
864 2031 1007 2081 quibus
1039 2030 1151 2075 locis,
1183 2039 1423 2078 quamquam
1445 2027 1497 2065 ad
1519 2039 1577 2065 res
1599 2033 1688 2076 post

300 2204 326 2246 1)
351 2201 430 2236 vide
456 2211 537 2245 pag.
555 2204 599 2236 50
623 2200 704 2234 adn
721 2203 752 2235 3.

300 2259 327 2302 2)
354 2259 453 2293 Caes.
480 2259 560 2293 bell.
587 2259 652 2294 civ.
679 2258 772 2293 114.
798 2261 836 2301 43
864 2256 989 2291 Vellei
1015 2256 1048 2289 Π
1072 2259 1118 2289 44
1154 2258 1193 2298 4,
1220 2253 1362 2288 Sueton.
1389 2264 1419 2286 v.
1446 2252 1548 2287 Caes.
1573 2254 1627 2286 20.

299 2317 327 2359 3)
353 2316 424 2350 Cic.
451 2326 515 2359 pro
543 2315 632 2350 Sest.
657 2315 744 2349 IV9
724 2318 759 2349 9:
813 2314 919 2355 »Qua
946 2313 990 2347 de
1015 2324 1133 2347 causa
1158 2317 1190 2345 et
1215 2317 1292 2344 tum
1318 2310 1351 2355 (i.
1379 2320 1407 2344 e
1435 2319 1527 2343 anno
1545 2310 1688 2353 691s63)

186 2378 382 2408 conventus
406 2373 465 2406 ille
493 2373 650 2418 Capuae
664 2399 762 2406 .....
791 2372 872 2404 huic
897 2370 1005 2415 apud
1031 2382 1087 2403 me
1112 2369 1159 2404 P.
1178 2368 1293 2402 Sestio
1315 2378 1513 2400 maxumas
1538 2367 1686 2411 qratias

187 2433 257 2477 eyit
282 2436 313 2464 et
339 2430 402 2464 hoc
427 2435 586 2474 tempore
612 2429 646 2471 (i.
665 2439 694 2462 e.
721 2428 823 2462 initio
850 2427 934 2461 anni
952 2428 1093 2470 698s56)
1120 2425 1234 2459 eidem
1253 2424 1414 2458 homines
1432 2423 1578 2457 nomine
1593 2433 1687 2456 com-

186 2494 328 2522 mutato
360 2487 476 2521 coloni
507 2486 790 2529 decurionesque
804 2511 903 2518 .....
939 2483 1148 2526 beneficium
1181 2481 1226 2515 P.
1261 2481 1354 2514 Sesti
1392 2481 1595 2514 testimonio
1628 2479 1688 2512 de-

188 2546 336 2579 clarant
350 2571 446 2579 .....
454 2558 468 2576 «

301 2605 329 2646 4)
355 2602 456 2637 Caes.
481 2601 563 2637 bell.
588 2601 653 2635 civ.
679 2600 695 2633 I
722 2603 773 2635 14.
799 2603 836 2643 53
862 2599 914 2632 III
939 2601 992 2633 21.
1019 2601 1050 2632 5.

301 2662 329 2705 5)
355 2660 426 2694 Cic.
453 2659 498 2694 ad
523 2660 596 2693 Att.
622 2658 689 2692 XV
713 2660 744 2692 3.
773 2661 801 2692 1.
