1928 2884
810 130 1088 170 ..58-

206 249 391 300 gistratus
433 253 662 302 Romanos,
700 260 767 291 aut
807 254 1046 304 epimeletaS.
1101 277 1150 282 ——
1207 257 1463 297 Athenienses
1501 258 1707 297 honorant.

205 318 374 368 Negotia
390 319 552 369 quidem
571 320 841 361 dedicantium
864 324 969 362 varie
986 323 1272 374 significantur:
1294 333 1360 364 aut
1381 325 1478 379 »qui
1497 324 1706 379 neyotian·

203 391 320 434 tur«,
362 400 503 437 graece
538 387 600 426 »οἱ
631 388 1068 442 ῖῃηαγματευύμενοω,
1112 391 1172 430 »οἱ
1204 389 1525 444 ἐργαζόμενοια,
1569 394 1710 444 quibus

203 455 369 494 vocibus
400 458 645 507 appellantur
675 459 935 509 negotiatores
975 460 1013 498 in
1053 461 1176 499 insula
1214 462 1495 510 consistentes,
1543 469 1610 500 aut
1651 461 1710 499 »οἱ

203 521 378 575 ἔμποροι
415 524 477 562 καὶ
517 524 554 563 οἱ
587 524 826 579 ναύκληροια
872 528 1020 567 additis
1061 542 1176 579 saepe
1216 529 1276 568 his
1319 529 1446 569 verbis
1490 529 1554 568 »οἱ
1594 542 1711 568 κατα-

177 590 400 639 ,πλέοντες
430 591 488 639 εἷς
521 592 589 647 τὴν
623 595 773 648 νῆσονα
820 609 900 646 quo
934 598 1058 636 modo
1098 597 1352 636 nominantur
1389 605 1622 637 mercatores
1664 611 1712 637 ac

204 661 454 710 navicularii,
488 663 555 711 qui
586 663 625 700 in
658 664 826 702 insulam
860 677 950 703 cum
984 666 1180 704 mercibus
1211 666 1289 705 suis
1325 668 1613 715 commeabant,
1644 668 1711 706 ubi

204 740 322 778 saepe
354 728 498 767 diutius
530 732 890 769 commorabantur.

320 797 634 846 Nonnumquam
667 811 760 837 vero
791 808 904 848 putes
935 807 971 838 te
1002 800 1040 838 in
1072 801 1183 839 Italia
1213 801 1294 851 ipsa
1328 802 1486 842 versari:
1528 805 1712 842 omnibus

206 863 244 902 in
280 864 376 902 locis
406 864 555 904 insulae
585 867 747 905 nomina
784 868 904 905 latina
942 868 1101 907 inventa
1139 877 1249 918 sunt,
1292 870 1477 909 omnibus
1517 873 1633 910 rebus
1672 885 1712 910 se

210 932 470 972 immiscuisse
490 934 649 973 Italicos
681 935 939 985 omniumque
960 936 1167 986 participes
1189 937 1307 976 fuisse
1327 939 1566 989 accepimus.
1614 941 1714 978 Nus·

206 1013 324 1050 quam
363 1014 433 1052 per
463 1010 588 1041 totum
631 1004 831 1043 Orientem
864 1012 921 1042 tot
958 1005 1058 1043 tituli
1088 1005 1197 1044 latini
1237 1014 1304 1044 aut
1341 1006 1532 1057 bilingues
1573 1007 1713 1057 reperti

207 1077 307 1108 sunt.
361 1073 498 1121 Itaque
529 1073 672 1110 Delum
704 1085 790 1110 eam
824 1081 965 1111 terram
997 1072 1128 1132 fuisse·
1146 1075 1234 1112 luce
1266 1074 1406 1113 clarius
1437 1083 1508 1123 est,
1541 1077 1646 1114 unde
1675 1083 1713 1114 et

203 1138 336 1190 lingua
375 1140 498 1178 latina
535 1149 573 1179 et
616 1154 743 1179 mores
783 1150 820 1180 et
861 1142 919 1180 ius
952 1144 1226 1182 Romanorum
1268 1145 1445 1194 profecta
1485 1151 1604 1194 atque
1646 1156 1714 1194 per

205 1207 404 1246 Orientem
436 1210 589 1259 longius
621 1223 824 1260 progressa
855 1218 962 1257 sunt,
1001 1212 1129 1250 donec
1159 1219 1281 1250 totam
1314 1225 1383 1263 per
1415 1212 1551 1250 Asiam
1586 1212 1714 1251 mino-

204 1288 285 1314 rem
317 1278 606 1316 effunderentur
637 1286 755 1328 atque
787 1291 877 1318 cum
909 1281 1015 1318 cultu
1047 1280 1367 1330 humanitateque
1399 1282 1644 1320 Graecorum
1677 1289 1714 1320 et

206 1344 376 1383 Orientis
415 1346 588 1396 gentium
629 1348 907 1386 coalescerent.
977 1349 1109 1397 Atque
1153 1348 1270 1386 etiam
1318 1348 1383 1386 diu
1430 1348 1558 1386 insula
1602 1346 1714 1398 quasi

205 1421 324 1464 caput
369 1415 547 1453 omnium
593 1415 819 1453 Italicorum
866 1415 904 1453 in
949 1415 1108 1454 Oriente
1149 1416 1449 1455 consistentium
1497 1416 1615 1454 fuisse
1660 1415 1715 1454 vi-

207 1480 373 1532 deturl).

319 1552 441 1601 Quod
473 1553 503 1590 si
535 1554 778 1602 quaerimus,
812 1554 1020 1603 quomodo
1052 1553 1176 1592 Italici
1217 1554 1481 1605 negotiatores
1522 1560 1714 1592 mercato-

206 1631 346 1668 resque
376 1620 429 1659 ibi
470 1621 568 1660 inter
598 1634 639 1660 se
671 1622 888 1661 consociati
919 1623 1080 1661 fuerint:
1122 1624 1195 1661 hos
1226 1636 1306 1661 non
1338 1630 1608 1662 conventuum
1639 1622 1714 1661 ritu

206 1688 361 1739 negotia
381 1690 558 1740 gessisse,
581 1691 649 1728 sed
673 1691 894 1742 collegium,
919 1691 981 1729 cui
1003 1699 1205 1741 praeerant
1229 1704 1297 1730 sex
1322 1691 1496 1742 magistri
1517 1690 1714 1737 Mercurii,

205 1770 343 1807 graece
364 1759 556 1797 nominati
579 1757 616 1797 οἱ
641 1753 893 1811 ζΕ]ομαϊσϊι,ιέ,
926 1759 1099 1798 effecisse
1122 1760 1200 1798 iam
1222 1759 1405 1798 diximus.
1460 1759 1590 1798 Huius
1611 1758 1715 1798 enim

206 1827 360 1878 collegii
391 1827 589 1867 sociorum
621 1829 796 1876 nomina,
829 1841 930 1879 quae
960 1842 1032 1867 nos
1064 1828 1225 1879 quidem
1246 1827 1443 1870 novimus,
1477 1827 1614 1866 omnia
1634 1839 1716 1866 uno

208 1904 352 1946 exepto
363 1892 396 1946 2)
428 1897 549 1935 latina
570 1905 671 1943 sunt,
705 1898 884 1947 titulique
915 1897 988 1948 ipsi
1009 1905 1074 1936 aut
1106 1897 1225 1937 latine
1247 1897 1390 1947 scripti,
1421 1904 1489 1935 aut
1510 1896 1714 1947 bilingues.

208 1965 366 2004 Italicos
398 1974 529 2004 autem
561 1966 640 2005 hoc
671 1978 751 2004 uno
789 1966 829 2004 in
859 1968 948 2005 loco
990 1966 1046 2005 sic
1078 1966 1310 2005 coniunctos
1352 1965 1472 2004 fuisse
1504 1965 1718 2015 explicatur

210 2035 314 2071 cultu
346 2033 529 2072 Mercurii
559 2041 597 2073 et
628 2034 771 2074 Maiae.
834 2034 986 2072 Eodem
1021 2034 1147 2072 modo
1181 2032 1418 2072 constitutae
1448 2038 1558 2071 erant
1598 2031 1721 2070 socie-

211 2213 241 2236 a.
262 2202 343 2237 Chr.
361 2214 412 2247 n.;
445 2202 544 2236 CIGr
576 2205 666 2238 2286
699 2203 792 2246 (app.
819 2213 852 2235 n.
871 2204 928 2244 27)
961 2212 1004 2235 ex
1038 2201 1160 2235 eodem
1192 2201 1266 2235 fere
1298 2206 1476 2244 tempore;
1507 2199 1605 2234 CIGr
1629 2201 1718 2233 2288

211 2266 307 2304 (app.
338 2271 371 2293 n.
392 2262 469 2304 43);
497 2259 588 2293 Bull.
616 2259 658 2293 de
686 2269 755 2293 cor.
782 2258 877 2293 Hell.
902 2257 952 2291 ΠΙ
979 2269 1012 2301 p.
1031 2259 1093 2292 371
1124 2263 1219 2301 (app.
1245 2268 1278 2291 n.
1295 2260 1370 2300 41),
1401 2256 1453 2290 XI
1478 2267 1511 2300 p.
1528 2258 1596 2291 262
1620 2258 1716 2300 (app.

211 2329 243 2351 n.
263 2318 322 2361 47)
347 2317 474 2351 incerti
500 2316 681 2360 temporis.

330 2376 355 2417 ¹)
381 2373 423 2407 cf.
447 2373 646 2407 Mommsen
671 2373 707 2406 in
725 2372 979 2406 commentario
998 2371 1042 2406 ad
1062 2371 1138 2406 CIL
1153 2371 1204 2404 III
1231 2371 1353 2414 Suppl.
1372 2371 1457 2405 7241
1486 2372 1581 2414 (app.
1600 2381 1632 2404 n.
1651 2372 1718 2414 95),

213 2431 306 2466 unde
343 2431 589 2475 cognoscimus
621 2430 766 2465 Italicos
803 2440 943 2473 quoque
984 2429 1019 2463 in
1055 2429 1136 2462 aliis
1169 2427 1310 2472 oppidis
1342 2427 1439 2462 velut
1468 2426 1718 2462 Alexandreae

215 2489 422 2524 habitantes
461 2488 621 2532 Apollini
654 2488 802 2522 Deliaco
838 2491 975 2521 statuas
1008 2495 1247 2521 consecrasse.
1295 2485 1338 2520 cf.
1371 2485 1478 2520 etiam
1502 2484 1595 2519 Bull.
1620 2484 1663 2519 de
1690 2494 1718 2518 c.

212 2548 306 2583 Hell.
324 2547 409 2582 VIII
435 2557 468 2590 p.
490 2547 552 2581 107
578 2550 673 2591 (app.
698 2557 732 2579 n.
749 2547 818 2589 96).

332 2605 361 2649 2)
387 2604 463 2639 CIL
488 2604 541 2638 III
569 2602 692 2647 Suppl.
717 2603 807 2637 7212
836 2603 928 2645 (app.
955 2611 989 2634 n.
1010 2600 1064 2644 13)
1090 2598 1256 2643 Ζέφυρος
1278 2596 1531 2642 Ἀγαθοκλέους
1553 2597 1720 2642 (Zephu-

213 2664 292 2710 rods
317 2662 603 2708 A]9athocle[tis.
625 2660 707 2705 Μ).
