1928 2884
880 87 1156 126 -42-

275 221 316 252 ut
345 211 474 251 Verris
505 212 667 249 alterum
698 209 853 257 vitium,
897 208 928 248 si
968 207 1046 247 iam
1088 209 1220 246 album
1262 206 1496 246 constituere
1535 206 1770 256 neglexerat,

275 281 517 332 significaret.
570 279 684 318 Dicet
714 277 908 328 quispiam
929 276 1026 315 alios
1048 287 1206 325 quoque
1227 274 1376 324 equites
1396 272 1772 322 honestissimosque

275 349 378 388 cives
409 351 611 387 Romanos
648 353 798 397 praeter
833 344 1092 395 negotiatores
1133 342 1172 380 in
1214 340 1470 380 conventibus
1512 340 1628 380 fuisse
1666 341 1772 379 velut

274 418 480 456 nonnullos
520 429 567 454 ex
606 415 835 453 aratoribus.
908 413 961 450 At
1004 411 1110 460 apud
1148 408 1410 460 negotiatores
1451 408 1689 454 accedebat,
1729 415 1771 446 ut

275 497 426 534 semper
454 484 492 522 in
523 481 826 533 opulentissimis
863 479 1024 518 urbibus
1062 479 1115 516 ob
1151 484 1357 527 quaestum
1396 476 1621 515 faciendum
1660 475 1771 515 habi-

274 560 417 600 tarent,
456 551 524 590 ubi
554 558 707 601 praetor
736 551 863 588 sorum
904 558 1017 597 agere
1058 546 1223 584 solebat.
1285 546 1468 583 Fortasse
1508 543 1626 583 etiam
1667 544 1769 583 ordo

276 620 559 670 negotiatorum
602 618 699 657 inter
728 629 865 656 omnes
897 621 1114 654 conventus
1154 614 1259 653 cives
1291 615 1496 652 Romanos
1536 613 1577 651 in
1615 613 1691 651 hac
1730 625 1771 652 re

212 675 216 678 .
274 695 470 739 praeterea
499 687 557 726 ius
588 687 842 737 praecipuum
873 684 1097 730 obtinebat,
1136 681 1361 733 praesertim
1402 694 1492 720 cum
1525 682 1652 721 verbis
1696 677 1770 718 »de

277 762 473 795 conventu
512 770 567 794 ao
607 751 1015 809 neyotiatoribus
1055 749 1163 791 mulli
1201 748 1409 799 iudices«,
1450 752 1592 800 quibus
1632 757 1771 800 postea

274 826 412 864 Cicero
442 825 644 875 exposuit,
677 824 881 873 quomodo
912 824 1052 860 Verres
1082 822 1168 871 lege
1199 819 1414 858 Hieronica
1450 818 1594 857 iudicia
1622 826 1770 869 pertur-

272 895 422 941 basset,
460 894 558 932 haec
595 892 818 939 confirmari
863 890 1079 929 videantur.
1151 891 1285 938 Atque
1324 888 1366 925 in
1404 887 1466 925 his
1505 887 1632 926 causis
1671 887 1770 926 inter

274 969 443 1000 aratores
484 969 521 1000 et
562 962 803 1000 decumanos
817 958 847 1009 ¹)
885 959 1034 997 iudices
1073 970 1121 995 ex
1161 955 1471 1006 negotiatoribus
1508 962 1611 994 certe
1648 955 1770 994 liben—

275 1029 422 1068 tissime
452 1031 677 1080 optimeque
713 1027 937 1079 propositos
977 1039 1061 1065 esse
1101 1020 1378 1075 Degenkolb2)
1419 1025 1519 1062 ultro
1557 1023 1614 1062 sic
1652 1023 1769 1062 ratio-

274 1097 444 1136 cinando
479 1099 580 1136 bene
621 1097 886 1136 confirmavit:
961 1093 1079 1134 »Der
1120 1091 1392 1133 Rechtsstreit
1428 1090 1534 1131 nach
1583 1094 1655 1130 der
1701 1088 1768 1130 lea>

273 1162 494 1204 Hieronica
533 1163 706 1214 yesehalz
744 1162 943 1204 zwisalten
984 1161 1062 1202 den
1098 1159 1367 1212 Mityliedern
1406 1159 1551 1201 zweier
1581 1158 1768 1215 Berufs-

274 1232 451 1273 massan.
513 1232 620 1272 Hier
651 1231 740 1272 und
769 1236 864 1272 dore
896 1232 1045 1272 konnte
1079 1231 1144 1271 ein
1177 1228 1344 1271 Sicilier
1381 1243 1427 1270 so
1465 1235 1558 1279 qut,
1601 1226 1667 1268 als
1704 1227 1766 1267 ein

272 1300 498 1341 ‘remise-her
531 1301 700 1351 Biiryer
732 1299 800 1340 die
831 1299 977 1341 Steuer
1001 1298 1185 1355 fordern
1216 1296 1318 1340 oder
1349 1295 1600 1350 schuldeffl).
1661 1294 1766 1336 Also

274 1369 342 1422 laq
370 1369 456 1410 eine
481 1369 655 1411 Gewc'ihr
677 1369 765 1424 fic‘r
793 1367 1165 1425 Unpartez'lz'ohlceit
1193 1366 1266 1407 der
1287 1365 1462 1407 Richter
1482 1364 1596 1406 nieht
1617 1364 1771 1406 sowohl

274 1438 317 1478 in
349 1437 463 1479 ihrer
494 1438 798 1489 Nationczlitc'it,
843 1438 906 1480 als
944 1438 988 1479 in
1020 1436 1134 1478 ihrer
1173 1433 1536 1490 Unabhdnqiqlceit
1573 1448 1651 1474 von
1690 1431 1768 1473 den

272 1506 559 1561 yeynerz'sehen
592 1507 843 1548 Interessen:
874 1507 929 1547 im
962 1502 1268 1559 Zehntprozess
1301 1502 1431 1543 haben
1463 1501 1543 1543 alle
1575 1510 1767 1542 aratores

274 1575 340 1615 ein
378 1575 810 1630 yemeinsehczftliehes
851 1575 1059 1615 Interesse
1102 1573 1179 1614 den
1219 1571 1482 1613 Publz'eanen
1519 1571 1766 1626 qeyeniiber.

272 1643 356 1683 Die
386 1643 640 1685 Publieanen
678 1643 816 1685 scehen
849 1643 1003 1699 fer-ner
1043 1643 1088 1683 in
1118 1641 1481 1695 weitverzwei'qten
1514 1639 1768 1692 Societaten;

274 1710 447 1753 deshalb
479 1713 617 1762 eiynen
649 1713 706 1753 sie
746 1711 831 1753 sich
862 1711 976 1753 nicht
1016 1727 1067 1752 zu
1098 1710 1300 1752 Richtern
1338 1711 1394 1751 im
1425 1709 1766 1766 Zelmtprozess«.

272 1785 425 1822 Praeter
445 1786 563 1823 verba
584 1785 681 1823 haec
705 1791 891 1827 extrema,
924 1783 1064 1834 quibus
1086 1783 1320 1834 Degenkolb
1346 1783 1431 1833 ipse
1451 1794 1586 1821 secum
1606 1788 1766 1833 pugnat,

276 1864 456 1902 quaeque
486 1866 510 1890 a
540 1854 654 1892 rebus
687 1853 849 1900 Siculis,
889 1860 930 1891 ut
960 1851 1335 1902 demonstravimus,
1368 1847 1643 1901 abhorrent4),
1684 1849 1767 1888 viro

280 1990 423 2028 praetor
456 1985 635 2020 Scandilio
668 1997 869 2031 proponere
902 1987 1072 2032 debebat,
1111 1987 1488 2032 »neyotiatores«
1522 1983 1766 2029 appellantur:

278 2043 362 2086 »qui
382 2042 471 2087 plus
496 2044 681 2077 existumet
706 2045 814 2089 apud
839 2045 1048 2079 lectissimos
1072 2049 1260 2078 senatores
1279 2043 1491 2089 pecuniam,
1520 2053 1635 2087 quam
1658 2040 1767 2086 apud

273 2100 360 2133 tris
382 2101 691 2144 neyotiatores
715 2107 848 2135 metum
874 2102 1026 2136 valere«.

386 2157 413 2197 l)
440 2156 481 2190 cf.
508 2157 607 2190 Verr.
633 2157 685 2191 III
713 2160 763 2192 12.
789 2161 850 2201 3ος
881 2161 931 2193 14.
957 2159 1019 2203 373
1043 2160 1098 2193 25.
1125 2160 1184 2201 613
1208 2159 1262 2192 26.
1289 2159 1342 2192 65.

386 2212 415 2252 2)
440 2212 649 2257 Degenkolb
674 2215 695 2248 l.
721 2215 742 2248 l.
765 2226 798 2259 p.
817 2218 861 2250 26
879 2225 930 2258 sq.

385 2272 413 2312 3)
440 2270 482 2304 ef.
510 2270 592 2305 Sell.
618 2271 639 2305 l.
665 2271 686 2305 l.
712 2283 745 2315 p.
763 2275 829 2307 387
855 2277 891 2307 et
915 2272 1073 2307 adnotat.

385 2328 417 2372 4)
443 2327 567 2371 Neque
592 2328 739 2363 laudare
765 2339 920 2374 possum,
946 2330 1040 2373 quod
1067 2341 1111 2364 ex
1127 2329 1198 2364 illis
1216 2329 1333 2363 verbis
1351 2327 1573 2372 Degenkolb,
1599 2327 1767 2371 quoniam

274 2385 386 2420 artius
411 2385 651 2428 negotiatores
677 2391 712 2421 et
736 2387 946 2430 publicanos
977 2387 1071 2422 inter
1101 2397 1138 2421 se
1170 2386 1377 2421 coniunctos
1408 2385 1520 2420 fuisse
1551 2384 1690 2419 duabus
1722 2395 1767 2419 ex

273 2442 402 2486 causis,
429 2452 518 2485 quae
536 2442 641 2477 facile
658 2442 870 2488 refutantur,
897 2444 1158 2478 demonstrasse
1177 2443 1244 2478 sibi
1262 2442 1412 2486 videtur,
1437 2453 1470 2486 p.
1487 2442 1545 2477 27.
1562 2440 1765 2476 confecerit.

272 2498 385 2533 Valde
411 2509 576 2542 perverse
602 2499 695 2533 enim
720 2500 808 2534 illud
832 2501 1057 2544 potissimum
1081 2501 1262 2535 iudicatur
1286 2510 1370 2534 voce
1396 2503 1589 2534 conventus
1613 2497 1765 2532 maxime

273 2559 432 2590 aratores
457 2555 661 2599 significari.
703 2556 836 2592 Mirum
862 2562 916 2592 est
940 2558 1040 2603 illud,
1067 2557 1163 2602 quod
1180 2557 1267 2592 dicit
1285 2556 1527 2592 »territoriale
1540 2555 1766 2600 Bedeutuny

273 2612 336 2646 des
362 2612 503 2648 Wortes
527 2618 751 2647 conventus«.
