1907 2905
745 103 1026 141 -19—

141 226 315 265 tudinem
347 225 530 265 describit
559 238 666 272 eam,
709 237 810 274 quae
840 224 983 263 Uticae
1019 226 1174 273 aderat,
1216 238 1306 264 cum
1338 226 1457 264 Curio
1497 227 1633 265 urbem

142 295 321 333 obsidere
361 301 398 332 et
437 295 540 331 vallo
580 293 880 331 circummunire
917 293 1101 341 instituit,
1152 294 1292 332 diserte
1334 293 1430 332 dicit
1444 293 1495 343 l):
1554 292 1630 331 »ιή

143 358 350 415 oppido«
381 363 534 400 fuerunt
566 359 770 414 »primum
794 358 1025 400 Uticenses.
1047 391 1056 399 .
1076 391 1084 400 .
1110 359 1256 400 deinde
1281 368 1541 401 conventus
1569 360 1625 409 is,

142 429 220 483 qui
245 444 294 468 ea:
324 428 460 468 variis
488 427 706 482 yerzeribus
737 434 983 469 constaret«,
1035 431 1127 468 Hoc
1148 431 1395 479 potissimum
1428 432 1518 469 loco
1549 431 1634 467 luce

142 499 281 537 clarius
311 506 369 538 est
399 499 558 537 nomine
588 506 803 537 conventus
840 498 947 537 iuxta
978 499 1183 537 Uticenses
1213 499 1419 548 significari
1449 497 1637 535 universi-

141 574 262 605 tatem
293 567 439 605 civium
460 569 732 606 Romanorum
763 567 862 605 intra
888 567 1025 617 oppidi
1047 579 1178 604 muros
1200 567 1506 613 consistentium,
1540 577 1637 614 quo-

143 647 230 674 rum
276 635 360 674 aliis
405 637 502 674 locis
552 632 826 685 scriptorum2)
878 629 957 674 tam
1008 649 1123 685 saepe
1170 634 1495 674 commemoratio
1538 631 1635 682 fit3).

143 706 282 754 Itaque
317 717 340 741 a
371 704 538 742 Caesare
575 704 756 752 aliisque,
800 704 867 753 qui
907 705 956 742 de
994 705 1096 742 bello
1130 703 1395 741 Alexandrino
1436 710 1472 740 et
1504 702 1637 739 Africo

143 772 391 822 scripserunt,
424 785 560 811 omnes
591 772 911 822 congregationes
943 772 1086 810 civium
1108 774 1380 810 Romanorum
1412 771 1449 808 in
1482 769 1638 820 provin-

144 840 213 878 ciis
250 840 511 879 habitantium
548 845 815 879 »conventus«
857 841 1072 889 appellatos
1103 851 1188 878 esse
1218 839 1351 877 nescio
1382 852 1432 877 an
1464 839 1636 877 credam.

143 908 256 946 Idem
293 909 447 947 duobus
485 908 662 946 Caesaris
699 915 815 957 atque
846 908 963 946 Hirtii
999 907 1157 957 locis4)‚
1199 908 1267 946 ubi
1307 915 1522 946 conventus
1559 918 1639 945 una

145 988 234 1013 cum
268 976 419 1014 colonis
451 983 487 1013 et
519 976 740 1014 civitatibus
771 976 862 1025 ipsis
894 984 1102 1023 vocantur,
1147 976 1368 1014 confirmari
1401 975 1493 1013 mihi
1531 974 1637 1013 vide-

145 1052 217 1091 tur,
249 1044 321 1082 etsi
350 1044 410 1081 his
441 1043 537 1081 locis
567 1056 638 1093 pro
670 1052 776 1081 certo
809 1044 1067 1082 demonstrari
1097 1057 1177 1082 non
1198 1057 1313 1094 posse
1344 1044 1534 1090 concedo,
1567 1055 1638 1080 no-

146 1125 236 1151 men
268 1119 485 1151 conventus
517 1125 597 1150 non
627 1113 679 1150 ad
711 1112 912 1150 dioeceses
944 1112 1128 1151 iuridicas
1160 1120 1347 1162 spectare.

259 1182 305 1218 In
336 1179 456 1218 titulis
478 1193 569 1218 vero
601 1181 766 1218 formula
801 1184 1043 1218 »conventus
1066 1178 1217 1218 civium
1236 1178 1547 1218 Romanorum«
1582 1191 1642 1216 ra-

147 1248 298 1286 rissime
329 1248 534 1286 invenitur.
595 1248 677 1285 Ubi
708 1255 836 1286 autem
869 1256 1001 1294 exstat,
1033 1248 1123 1286 item
1156 1250 1240 1286 sola
1271 1248 1320 1286 ad
1352 1248 1642 1286 universitatem

148 1315 292 1353 civium
324 1317 595 1353 Romanorum
635 1316 779 1354 alicubi
811 1317 1105 1354 consistentium
1146 1316 1421 1366 appellandam
1460 1322 1644 1365 usurpata

147 1397 230 1422 esse
271 1383 433 1424 videtur.
494 1385 599 1421 Nam
639 1385 680 1422 in
718 1384 848 1434 lapide
878 1383 1187 1434 Mascululae5),
1227 1385 1293 1434 qui
1334 1385 1427 1422 divo
1464 1386 1643 1433 Augusto

148 1459 395 1491 consecratus
426 1461 501 1499 est,
542 1453 679 1503 legitur
714 1460 955 1492 »conventus
988 1452 1138 1492 civium
1168 1452 1454 1493 Romanorum
1486 1457 1523 1491 et
1553 1450 1644 1491 Na-

148 1517 373 1569 midam-um,
406 1519 478 1574 qui
496 1518 815 1559 sslascululae
847 1519 1139 1573 habz'tant⁶)‚
1173 1535 1274 1572 quae
1295 1522 1460 1561 conferri
1481 1529 1644 1572 possunt

149 1601 237 1626 curn
268 1589 342 1627 illis
373 1589 480 1639 apud
513 1591 720 1628 Caesarem
764 1596 1008 1628 »conventus
1045 1589 1193 1629 civium
1225 1587 1533 1638 Romanorum,
1573 1587 1644 1642 qui

149 1653 325 1694 Lissum
357 1655 635 1696 obtinebant«.
683 1661 814 1708 Atque
845 1658 883 1696 in
915 1659 1026 1697 titulo
1057 1659 1098 1697 in
1129 1659 1224 1697 Asia
1255 1659 1404 1697 minore
1434 1655 1640 1708 repert07),

149 1725 216 1775 qui
246 1726 299 1763 ad
330 1726 575 1775 Thyatiram,
608 1726 681 1764 nisi
712 1728 839 1774 fallor,
878 1727 1063 1776 pertinet,
1102 1740 1126 1765 a
1157 1727 1352 1766 sutoribus
1383 1726 1489 1765 urbis
1520 1727 1643 1764 hono⁶

149 1801 254 1831 ratur
284 1796 331 1834 T.
363 1795 520 1832 Flavius
552 1796 774 1833 Alexander
815 1795 1000 1844 quidam,
1042 1795 1109 1844 qui
1149 1803 1298 1845 praeter
1338 1795 1434 1833 alios
1475 1797 1644 1833 honores

151 1873 291 1899 munus
314 1874 470 1911 quoque
492 1863 680 1901 curatoris
716 1877 732 1897 >³
744 1863 812 1902 τοῦ
842 1864 922 1901 τῶν
947 1858 1157 1916 Ῥωμαίων
1178 1861 1425 1914 κονβέντουα
1462 1873 1642 1914 gesserat.

151 1929 302 1968 Titulus
334 1938 464 1968 autem
495 1931 645 1980 positus
675 1945 758 1970 esse
788 1946 868 1970 non
899 1941 1029 1982 potest
1060 1940 1148 1972 ante
1178 1933 1404 1971 Flaviorum
1436 1933 1645 1983 imperato-

151 2010 235 2036 rum
266 2006 431 2037 aetatem
462 2007 620 2049 propter
651 2000 720 2038 viri
752 2001 931 2039 honorati
961 2015 1106 2040 nornen
1138 2014 1265 2051 neque
1286 2009 1373 2051 post
1395 2014 1540 2040 annum
1566 2004 1645 2042 212

267 2168 293 2211 ¹)
319 2167 397 2202 bell.
425 2167 487 2202 civ.
513 2168 548 2202 II
572 2170 626 2203 36.

265 2223 292 2267 2)
319 2224 402 2258 Sall.
434 2224 508 2268 Iug.
541 2228 593 2260 64.
626 2228 665 2268 53
699 2225 769 2259 Cic.
803 2225 838 2259 in
864 2225 964 2259 Verr.
998 2225 1013 2259 Ι
1045 2228 1098 2260 27.
1130 2226 1192 2269 70;
1226 2226 1303 2260 Val.
1328 2226 1425 2261 Max.
1451 2225 1500 2259 IX
1530 2228 1578 2259 10.
1605 2228 1643 2269 2;

153 2280 257 2314 Auct.
282 2280 362 2314 bell.
388 2281 498 2316 Afric.
524 2284 585 2324 903
612 2281 703 2316 Plut.
733 2282 808 2315 Cat.
834 2281 916 2315 min.
942 2285 985 2317 59
1011 2287 1046 2316 et
1071 2285 1131 2326 613
1158 2283 1225 2317 Dio
1252 2284 1349 2317 Cass.
1375 2285 1429 2317 43.
1460 2285 1509 2317 10.

266 2337 294 2380 ³)
319 2337 453 2372 Eadem
480 2338 630 2373 societas
657 2338 752 2382 apud
777 2344 959 2373 auctorem
984 2338 1063 2373 bell.
1090 2339 1201 2374 Afric.
1228 2342 1269 2383 (c.
1296 2342 1352 2382 68)
1378 2339 1508 2373 dicitur
1546 2349 1649 2371 »con-

155 2398 282 2426 ventus
315 2393 523 2429 Uticensis«.

265 2450 294 2490 4)
320 2450 419 2485 Caes.
446 2451 526 2485 bell.
552 2452 616 2486 civ.
644 2451 693 2485 IIl
721 2454 775 2487 32.
801 2454 840 2495 6;
867 2452 958 2486 Hirt.
985 2453 1065 2487 bell.
1094 2453 1194 2487 Alex.
1222 2455 1276 2487 56.
1301 2455 1332 2486 4.

268 2508 295 2550 ⁵)
320 2507 469 2551 Ephem.
497 2509 607 2552 epigr.
635 2509 664 2542 V
690 2520 724 2542 n.
743 2511 808 2544 597
835 2510 928 2553 (app.
955 2520 987 2544 11.
1005 2511 1072 2551 97).

267 2564 295 2607 6)
320 2563 373 2598 De
399 2564 563 2599 Numidis
588 2565 694 2599 huius
723 2565 818 2599 tituli
845 2565 922 2599 vide
949 2565 1042 2600 infra
1068 2577 1100 2609 p.
1120 2568 1163 2600 46
1189 2570 1224 2599 et
1249 2564 1327 2599 adn.
1352 2568 1379 2598 l.

268 2621 295 2665 7)
320 2620 412 2655 Bull.
438 2621 481 2656 de
508 2632 576 2656 cor.
604 2621 694 2657 Heu.
725 2621 755 2655 X
781 2623 897 2666 (1886)
925 2633 956 2666 p.
975 2626 1042 2657 422
1067 2625 1161 2667 (app.
1189 2634 1219 2656 n.
1239 2624 1305 2665 87).

1333 2679 1376 2713 2*
