1907 2905
825 137 1098 176 ,87-

333 264 385 300 In
424 262 712 300 Germaniis.
774 262 803 297 I.
845 259 895 297 ad
936 267 1059 297 castra
1101 259 1295 309 Vetera1).
1358 263 1405 299 II.
1448 263 1703 312 Argentorati.

222 331 292 370 ΙΙΙ.
326 329 449 379 Aquis
480 329 692 367 Helveticis
722 329 773 366 ad
806 327 1086 365 Vindonissam
1100 324 1144 369 ²).

340 498 364 538 ¹)
390 495 445 529 Ad
477 502 595 529 castra
621 497 752 529 Vetera
783 502 888 538 atque
922 495 1035 537 Aquis
1067 494 1160 528 cives
1186 494 1362 527 Romanos
1396 495 1461 527 vici
1494 495 1594 528 modo
1626 505 1706 528 con-

222 553 361 586 iunctos
393 552 520 597 fuisse,
552 553 722 587 concludo
757 563 799 585 ex
832 552 947 585 Taciti
980 551 1094 585 verbis
1127 550 1232 593 (Hist.
1263 554 1294 584 4.
1319 553 1363 584 22
1389 556 1423 584 et
1459 554 1485 584 1.
1512 553 1583 595 67),
1616 561 1705 594 quae

223 609 352 643 similia
378 614 459 644 sunt
483 609 538 653 iis,
565 609 693 653 quibus
720 609 815 643 vicus
842 608 969 641 civium
994 608 1232 641 Romanorum
1258 607 1432 651 Nauporti
1459 608 1494 641 in
1520 607 1705 642 annalibus

223 665 452 709 significatur.
513 667 581 701 Sed
606 672 640 700 et
664 667 728 701 hos
753 667 847 700 vicos
874 671 908 699 et
940 666 1045 709 alios,
1078 675 1165 708 quos
1199 664 1341 709 collegi,
1374 665 1485 708 primo
1518 665 1705 699 societates

222 728 359 757 tantum
384 723 493 758 fuisse
520 734 651 767 easque
677 724 773 758 brevi
800 724 842 757 ad
870 724 1024 757 vicorum
1051 721 1315 756 similitudinem
1342 726 1527 765 provectas
1554 731 1642 765 esse,
1669 726 1707 754 ut

222 781 415 823 permultos
441 781 536 815 vicos
562 782 689 816 civium
708 781 947 815 Romanorum
973 781 1007 813 in
1028 779 1218 813 Occidente
1244 779 1397 812 iudicavi
1417 789 1459 813 ex
1479 777 1706 812 conventibus

224 837 413 881 exstitisse,
439 838 581 872 minime
607 848 706 881 nego.

338 895 366 935 2)
393 897 515 939 Aquas
541 896 633 930 inter
658 896 752 929 vicos
779 900 976 929 castrenses
1008 894 1144 937 recepi,
1178 901 1391 935 quamquam
1416 891 1610 924 Mommsen
1642 890 1708 924 hoc

224 951 359 986 abnuit.
399 951 490 985 Nam
515 952 560 996 id,
588 952 680 995 quod
707 953 758 985 vir
783 951 1007 985 doctissimus
1032 950 1176 994 iudicat,
1203 950 1326 992 Aquas
1352 948 1441 982 nihil
1465 947 1560 981 aliud
1586 947 1707 990 fuisse,

223 1008 291 1041 nisi
323 1009 437 1042 vicum
468 1010 550 1053 pagi
578 1010 767 1053 Helvetici,
801 1009 854 1043 vel
886 1009 948 1042 illa
979 1008 1134 1052 ratione,
1170 1017 1240 1050 qua
1267 1007 1412 1041 Tacitus
1446 1007 1467 1039 l.
1500 1006 1519 1039 l.
1553 1005 1597 1039 ad
1630 1016 1707 1038 eum

223 1065 337 1099 locum
369 1066 638 1109 significandum
671 1068 798 1112 utitur,
833 1067 1013 1111 praeclare
1046 1066 1230 1100 refutatur.
1288 1065 1485 1098 Mommsen
1516 1068 1632 1096 autem
1664 1061 1708 1095 ad

224 1123 320 1157 illam
352 1124 561 1158 sententiam
594 1125 767 1160 adductus
799 1131 870 1169 est,
903 1124 995 1168 quod
1022 1127 1164 1167 Aquae,
1197 1133 1287 1167 quae
1319 1121 1417 1155 milia
1448 1120 1521 1154 fere
1554 1119 1708 1162 quinque

225 1190 393 1224 passuum
419 1192 439 1214 a
465 1182 689 1226 Vindonissa,
716 1183 774 1216 ubi
801 1188 916 1216 castra
942 1182 1007 1225 leg.
1034 1181 1119 1215 XXI
1144 1181 1245 1224 Rap,
1272 1184 1396 1223 postea
1420 1178 1485 1220 leg.
1511 1176 1559 1210 XI
1586 1175 1708 1210 Claud.

224 1248 257 1281 p.
285 1238 307 1272 f.
341 1244 442 1273 erant
473 1250 583 1282 usque
615 1239 688 1274 fere
721 1239 766 1272 ad
795 1239 939 1272 Traiani
972 1243 1123 1272 aetatem
1155 1236 1323 1280 (Pfitzner
1348 1236 1368 1269 l.
1395 1235 1415 1268 1.
1448 1245 1480 1277 p.
1509 1235 1709 1276 133—135),

225 1295 405 1339 abessent,
439 1296 594 1330 canabae
619 1296 759 1330 illorum
786 1300 981 1329 castrorum
1006 1293 1116 1328 fuisse
1142 1304 1210 1328 non
1235 1298 1388 1337 possent.
1440 1288 1708 1324 Concedenduni

225 1357 278 1386 est
303 1353 398 1386 vicos
423 1358 622 1387 castrenses
653 1353 748 1386 mille
779 1352 852 1387 fere
886 1362 1012 1395 passus
1045 1362 1065 1385 a
1096 1351 1223 1385 castris
1255 1350 1343 1393 ipsis
1375 1347 1546 1390 abfuisse,
1580 1352 1619 1380 ut
1652 1356 1708 1379 eo—

224 1409 355 1443 loniam
382 1410 589 1455 Traianam,
616 1421 706 1454 quae
733 1421 775 1443 ex
801 1410 876 1444 vico
905 1409 1076 1444 eiusmodi
1101 1409 1196 1442 facta
1222 1412 1291 1451 est,
1325 1417 1345 1440 a
1370 1404 1495 1440 castris
1521 1402 1710 1437 Veteribus

225 1466 317 1508 (Itin.
345 1467 473 1500 Anton.
501 1478 532 1510 p.
551 1468 646 1511 370),
679 1472 740 1501 aut
763 1466 1075 1501 Lambaesitanum
1102 1467 1215 1500 vicum
1247 1475 1268 1498 a
1293 1462 1419 1498 castris
1451 1462 1517 1504 leg.
1543 1460 1593 1493 III
1618 1460 1709 1502 Aug.

226 1522 451 1566 (Wilmanns‚
477 1524 543 1558 Die
569 1524 742 1558 romische
761 1523 920 1567 Lagerst.
947 1523 1088 1556 Africas
1106 1522 1141 1556 in
1159 1522 1288 1555 Comm.
1307 1521 1343 1554 iu
1360 1520 1441 1554 hon.
1468 1518 1532 1552 Th.
1551 1517 1710 1551 Momms.

224 1591 257 1624 p.
278 1583 342 1615 192
368 1586 403 1614 et
428 1581 506 1615 adn.
528 1585 582 1623 10>
614 1588 676 1616 aut
700 1592 962 1625 nonnumquam
989 1581 1094 1615 etiam
1121 1579 1266 1623 propius
1299 1576 1460 1621 inprimis
1495 1574 1538 1609 ad
1564 1573 1710 1607 castella

226 1648 352 1682 parva,
385 1649 475 1681 quae
502 1639 668 1673 extremis
693 1639 728 1672 in
754 1638 882 1672 finibus
908 1638 981 1672 fere
1013 1637 1048 1671 in
1080 1636 1233 1670 hostium
1269 1634 1363 1678 agris
1396 1632 1567 1667 collocata
1599 1636 1710 1672 erant,

225 1695 321 1729 velut
346 1695 453 1729 Phasi
487 1696 646 1737 (Arriani
673 1695 796 1740 peripl.
823 1700 917 1738 pont.
946 1694 1034 1728 EuX.
1062 1696 1092 1728 9.
1121 1694 1175 1735 12)
1204 1691 1257 1725 vel
1288 1691 1323 1724 in
1350 1689 1495 1724 castello
1528 1688 1563 1721 in
1595 1690 1709 1720 monte

227 1752 367 1796 Tauno,
401 1753 492 1796 quod
525 1753 629 1787 hodie
657 1753 830 1795 Saalburg
856 1757 1000 1786 vocatur
1033 1750 1088 1790 (cf.
1114 1749 1256 1793 Rossel,
1288 1748 1355 1782 Die
1387 1751 1469 1781 rem.
1498 1743 1711 1779 Grenzwehr

226 1808 273 1842 im
299 1809 462 1851 Taunus3
494 1809 652 1853 Hubner,
683 1809 831 1843 Jahrbb.
865 1809 925 1842 des
953 1807 1100 1842 Vereins
1136 1817 1201 1840 von
1228 1804 1467 1839 Altertumsfr.
1499 1803 1546 1836 im
1571 1800 1710 1835 Rheinl.

226 1864 342 1899 LXIII
368 1877 400 1909 p.
418 1869 478 1911 363
528 1878 555 1899 V.
583 1867 786 1909 Cohausen,
819 1866 890 1899 Der
921 1869 1004 1898 rom.
1033 1862 1229 1898 Grenzwall
1260 1862 1296 1895 in
1326 1859 1509 1895 Deutsehl.
1536 1869 1567 1902 p.
1590 1860 1651 1892 115
1677 1862 1712 1889 et

227 1923 296 1957 tab.
323 1923 423 1967 X1V;
449 1924 568 1967 Bergk
594 1924 613 1957 l.
642 1924 661 1959 l.
689 1935 720 1968 p.
741 1927 806 1958 505
833 1922 911 1956 adn.
930 1925 974 1959 2).
1025 1921 1093 1955 Sed
1119 1920 1154 1954 in
1180 1919 1304 1953 Africa
1329 1923 1470 1962 praeter
1487 1913 1710 1950 Lambaesim

228 1980 318 2014 alter
343 1980 439 2014 vicus
465 1980 592 2014 civium
610 1980 848 2014 Romanorum
874 1980 979 2022 paulo
1006 1977 1145 2021 longius
1171 1987 1192 2010 a
1216 1975 1344 2010 castris
1370 1974 1495 2008 iisdem
1513 1972 1601 2007 situs
1619 1974 1709 2004 erat:

228 2038 249 2072 i.
277 2048 305 2072 e.
332 2037 553 2072 Verecunda.
604 2037 795 2080 Quaeritur
820 2036 939 2079 igitur,
966 2039 1084 2069 utrum
1109 2033 1158 2068 ibi
1185 2033 1272 2067 duos
1299 2032 1393 2066 vicos
1419 2034 1616 2065 castrenses
1642 2031 1710 2061 sta-

230 2100 381 2138 tuamuS,
415 2104 459 2128 an
486 2093 731 2128 Verecundam
758 2091 933 2126 conditam
960 2102 1036 2125 esse
1069 2100 1089 2123 a
1115 2089 1249 2124 civibus
1275 2087 1459 2131 Romanis,
1492 2096 1579 2129 quos
1611 2094 1710 2128 prae-

229 2152 359 2186 sidium
393 2151 498 2194 illud,
537 2150 628 2194 quod
661 2149 809 2193 legionis
842 2154 959 2182 castra
990 2147 1149 2181 terminis
1181 2145 1371 2188 dederunt,
1408 2143 1452 2177 ad
1489 2141 1711 2178 collocandas

230 2209 332 2244 sedes
361 2219 534 2252 agrosque
561 2206 726 2242 colendos
752 2206 943 2249 alliciebat,
969 2214 1187 2239 censeamus.
1237 2203 1314 2245 Qua
1346 2202 1481 2236 ratione
1507 2200 1595 2234 haec
1628 2197 1710 2232 faci-

229 2266 297 2300 lius
325 2265 497 2309 explicari
523 2275 624 2309 posse
653 2264 832 2307 videntur,
867 2261 1075 2307 praesertim
1101 2272 1179 2295 cum
1204 2260 1290 2294 illud
1318 2269 1442 2293 nomen
1470 2265 1711 2301 possessorum

233 2324 299 2357 vici
319 2322 614 2366 Verecundensis,
642 2333 710 2365 quo
737 2321 838 2365 primi
866 2320 1002 2354 incolae
1029 2318 1093 2353 sub
1119 2318 1181 2352 Pio
1207 2317 1442 2358 nominantur,
1469 2312 1709 2356 respiciamus.

233 2380 358 2423 Neque
384 2389 464 2414 vero
491 2380 594 2413 aliter
619 2380 732 2413 vicum
765 2378 892 2412 civium
918 2377 1156 2411 Romanorum
1184 2376 1297 2417 Aquis
1331 2379 1442 2407 ortum
1475 2381 1551 2404 esse
1584 2369 1710 2411 iudico,

235 2447 447 2481 quamquam
472 2437 529 2472 hic
548 2438 662 2471 minus
688 2437 854 2471 fertilitas
881 2445 1054 2478 agrorum,
1081 2443 1185 2477 quam
1213 2443 1296 2466 usus
1322 2429 1513 2464 salubrium
1540 2435 1708 2468 aquarum

230 2495 406 2529 Romanos
431 2494 600 2528 invitavit.

348 2552 470 2594 ltaque
505 2552 591 2586 haec
625 2551 693 2585 duo
725 2551 802 2585 loca
833 2561 900 2585 non
933 2551 1024 2584 inter
1057 2550 1150 2582 vicos
1183 2552 1380 2581 castrenses
1414 2544 1524 2586 ipsos,
1563 2550 1709 2583 quorum

236 2610 373 2645 incolae
402 2621 457 2644 res
482 2609 653 2644 militibus
678 2614 873 2643 castrorum
906 2607 1124 2642 necessarias
1157 2604 1249 2639 solas
1283 2600 1515 2646 praebebant,
1551 2607 1709 2631 numera-

235 2668 359 2702 bimus.
422 2666 512 2711 Quia
548 2670 664 2700 autem
703 2665 823 2700 eodem
862 2664 962 2699 niodo
1001 2674 1021 2697 a
1058 2662 1191 2695 nixibus*
1228 2657 1394 2693 Romanis
1434 2655 1496 2688 sul)
1535 2652 1709 2699 praesidio
