1928 2884
843 154 1092 193 ..6-

221 286 404 319 accurate
433 277 532 317 inter
562 290 603 316 se
633 276 925 328 distinguuntur
939 275 982 327 ¹).
1035 279 1261 317 Mommsen
1292 278 1455 329 quidem
1487 292 1624 320 omnes
1656 294 1718 321 so-

220 349 302 388 cios
333 347 491 388 Italicos
521 349 591 386 has
621 348 808 385 formulas
839 346 1051 396 complecti
1082 346 1256 397 potuisse
1292 347 1441 386 iudicat
1470 349 1719 399 eandemque

220 416 450 456 sententiam
482 415 520 454 in
552 414 784 465 explicando
816 414 882 453 illo
924 415 972 453 de
1013 416 1373 460 senatusconsulto,
1411 429 1492 467 quo
1532 430 1591 456 res
1623 420 1719 457 Am-

220 485 480 525 braciensium
513 483 805 529 ordinabantur,
838 485 932 522 loco
963 480 1191 534 sequitu12).
1255 485 1404 523 Contra
1434 483 1604 535 Kiene³)
1635 498 1717 534 eos,

222 553 289 603 qui
319 566 366 592 ex
397 553 552 591 foedere
581 564 701 590 naves
733 552 926 590 Romanis
957 553 1199 602 praebebant
1232 575 1282 581 —
1314 553 1528 592 maximam
1566 562 1718 604 partem

218 622 332 660 urbes
376 633 537 671 graecae
581 619 717 658 Italiae
762 619 953 659 inferioris
1016 643 1066 649 —
1126 620 1224 660 inter
1277 619 1430 661 »socios
1478 635 1525 659 ac
1575 635 1718 661 nomen

220 686 421 726 latinum«
472 689 737 727 numerandos
778 700 864 727 esse
909 697 1046 740 negat,
1093 689 1135 728 id
1180 690 1291 740 quod
1338 689 1410 729 illis
1456 690 1571 740 ipsis,
1618 703 1719 741 quae

215 757 350 796 Livius
381 758 430 796 de
461 756 760 796 conscribendis
791 757 915 808 copiis
946 757 1079 796 multis
1110 758 1208 797 locis
1238 759 1393 807 afferat,
1426 760 1716 810 comprobetur.

216 827 419 865 Praeterea
441 825 479 863 in
501 826 585 875 lege
606 824 756 876 agraria
777 838 811 863 a.
832 823 1064 876 643s1114)
1087 825 1214 865 verbis
1240 824 1416 865 »socium
1440 825 1719 866 venominisve

217 892 359 933 latini«
396 895 494 933 haec
524 894 639 933 addi:
692 893 867 948 »quibus
899 907 950 932 ειη
982 891 1179 948 formula
1213 901 1450 947 togyaroram
1482 893 1634 935 milites
1674 894 1719 934 in

216 967 330 1001 terra
361 960 495 1001 Italia
536 961 745 1014 imperare
776 960 927 1002 solent«
947 993 956 1011 ‚
999 964 1204 1013 quomodo
1234 965 1350 1014 piane
1387 977 1435 1003 ac
1467 964 1612 1004 diserte
1641 966 1719 1004 hoc

214 1043 335 1083 genus
367 1031 564 1070 sociorum
587 1031 812 1070 Italicorum
845 1031 1107 1083 significatum
1139 1046 1223 1072 esse
1245 1032 1340 1071 mihi
1372 1044 1532 1084 quoque
1552 1033 1716 1072 videtur.

217 1103 329 1151 Quae
360 1100 390 1139 si
420 1100 474 1139 ita
505 1108 606 1149 sunt,
638 1114 756 1140 nemo
778 1101 1006 1140 Italicorum
1038 1100 1169 1139 socius
1200 1101 1370 1140 nominis
1399 1101 1509 1141 latini
1540 1101 1619 1140 dici
1650 1114 1719 1152 po-

213 1170 307 1217 tuit,
347 1169 421 1207 nisi
452 1169 519 1220 qui
550 1169 648 1208 inter
678 1177 833 1221 togatos
864 1177 955 1208 erat.
1018 1172 1080 1209 De
1111 1170 1394 1222 significatione
1425 1178 1577 1218 autem,
1619 1182 1719 1221 quae

213 1246 270 1277 est
300 1238 409 1277 vocis
440 1238 563 1290 togati
594 1240 818 1278 Mommsen
833 1238 865 1289 ⁵)
897 1239 979 1290 ipse
1010 1239 1066 1278 sic
1095 1239 1261 1279 iudicat:
1315 1235 1405 1277 »die
1435 1245 1558 1276 unter
1588 1236 1719 1277 Roms

214 1304 415 1358 Fic'lzruny
447 1305 700 1359 verez‘niyten
724 1304 1034 1359 Heerqenossen
1063 1304 1223 1345 hiessen
1259 1295 1390 1359 εὀραεί
1409 1303 1499 1345 und
1520 1303 1589 1346 die
1619 1303 1718 1345 sicd-

218 1372 433 1414 italisclzen
482 1372 689 1414 Grv'eeken
734 1388 872 1413 waren
920 1373 1043 1414 dabei
1087 1373 1467 1427 ausqesffilossen«.
1542 1367 1718 1415 Eosdem

216 1444 330 1495 igitur
361 1457 409 1483 ne
446 1444 485 1483 in
518 1444 717 1484 sociorum
748 1445 921 1484 nominis
952 1444 1061 1483 latini
1091 1457 1255 1484 numero
1286 1444 1446 1495 quidem
1478 1445 1596 1484 fuisse
1626 1455 1717 1483 cum

217 1513 360 1552 Kienio
391 1512 577 1563 equidem
601 1526 757 1562 censeo,
791 1513 883 1564 quia
913 1513 1010 1553 socii
1040 1513 1211 1553 nominis
1242 1513 1349 1552 latini
1369 1520 1478 1552 erant
1498 1526 1587 1563 pars
1609 1520 1719 1564 toga-

216 1590 356 1621 torum.
419 1584 576 1620 Horum
613 1589 743 1620 autem
782 1583 904 1620 altera
942 1595 1031 1632 pars
1072 1590 1181 1620 erant
1212 1581 1385 1621 Romani
1423 1581 1494 1632 ipsi
1536 1589 1573 1620 et
1615 1581 1719 1620 cives

216 1663 304 1689 cum
336 1650 417 1689 iure
448 1658 486 1689 et
515 1651 597 1690 sine
627 1651 708 1689 iure
738 1651 919 1702 suffragii.
973 1654 1111 1701 Itaque
1132 1664 1204 1702 pro
1236 1652 1405 1690 formula
1441 1648 1648 1689 »Romani
1669 1662 1718 1687 ac

216 1717 318 1757 socii
349 1718 523 1758 nominis
557 1717 704 1758 latini«
741 1719 815 1758 illis
846 1721 1002 1758 duobus
1033 1720 1140 1770 apud
1171 1719 1327 1758 Livium
1364 1719 1461 1758 locis
1494 1732 1631 1758 omnes
1661 1725 1720 1758 to-

214 1788 295 1839 gati
325 1788 405 1827 dici
435 1795 656 1838 potuerunt.
718 1790 850 1838 Atque
887 1788 947 1827 his
989 1788 1081 1827 solis
1118 1801 1166 1827 ex
1206 1788 1322 1827 sociis
1365 1787 1530 1835 Italicis,
1572 1787 1719 1839 quippe

216 1856 282 1906 qui
314 1857 453 1895 eadem
485 1864 591 1896 veste
621 1857 799 1896 exornati
835 1857 934 1896 intra
973 1857 1107 1896 Italiae
1145 1859 1240 1896 fines
1272 1858 1397 1895 multo
1428 1857 1589 1895 meliore
1626 1869 1720 1914 con·

216 1924 369 1963 dicione
400 1932 618 1973 uterentur,
651 1938 771 1976 quam
805 1926 945 1973 ceteri,
977 1925 1095 1964 etiam
1127 1926 1234 1976 apud
1264 1932 1416 1964 exteros
1447 1924 1581 1963 omnia
1611 1938 1719 1964 com-

216 1994 337 2032 moda
370 2001 488 2044 atque
525 1994 732 2046 privilegia
771 1995 1000 2034 commercii
1032 1996 1199 2034 victores
1240 1994 1463 2045 praebuisse
1494 1996 1600 2033 velut
1640 1997 1719 2034 suis

217 2061 367 2101 civibus
408 2076 490 2101 non
521 2063 661 2102 mirum
701 2072 770 2103 est.
832 2066 1056 2102 Mommsen
1095 2071 1224 2102 autem
1266 2063 1382 2111 illud,
1424 2064 1533 2113 quod
1574 2070 1718 2111 censet,

218 2130 354 2169 eadem
398 2133 604 2170 Romanos
645 2132 831 2171 omnibus
871 2131 1032 2171 urbibus
1071 2132 1219 2183 graecis
1260 2132 1415 2182 Italiae,
1458 2144 1560 2182 quae
1599 2144 1718 2170 naves

217 2198 426 2237 mittebant
457 2212 679 2250 magnaque
710 2213 757 2239 ex
788 2207 898 2250 parte
929 2199 1116 2238 tributum
1148 2197 1419 2248 solvebant6),
1463 2199 1716 2247 concessisse,

334 2346 360 2386 l)
386 2342 585 2378 Mommsen
613 2344 708 2378 StR.
734 2344 786 2378 ΠΙ
811 2355 844 2388 p.
865 2345 941 2380 637.
968 2344 1048 2378 adn.
1075 2347 1106 2379 2.
1133 2346 1208 2379 661.
1236 2346 1312 2379 662.
1340 2349 1375 2378 et
1399 2344 1516 2378 adnot.

331 2400 359 2444 2)
390 2400 474 2435 ibid.
500 2411 533 2444 p.
554 2402 630 2437 647.
657 2406 692 2436 et
717 2401 796 2435 adn.
815 2405 846 2437 3.
986 2402 1014 2446 3)
1039 2402 1060 2435 l.
1078 2401 1099 2436 1.
1126 2412 1159 2445 p.
1178 2404 1232 2437 32.

331 2458 360 2500 4)
385 2456 446 2490 lin.
473 2460 527 2492 21.
566 2462 601 2492 et
623 2461 677 2493 50.
717 2457 759 2492 cf.
785 2457 862 2492 Liv.
890 2461 944 2493 22.
968 2459 1022 2493 57.
1050 2461 1101 2493 10.
1140 2457 1219 2492 vide
1252 2457 1512 2492 Mommsenum
1539 2457 1639 2491 St.R.
1665 2457 1718 2492 111

217 2523 249 2556 p.
269 2513 336 2548 674
362 2514 440 2547 adn.
462 2518 490 2549 1.
630 2516 658 2558 ⁵)
685 2514 785 2549 st.R.
805 2514 857 2549 111
881 2526 914 2559 p.
932 2515 998 2550 647
1024 2519 1059 2549 et
1083 2526 1116 2559 p.
1134 2517 1211 2550 222.
1325 2512 1327 2515 ·

336 2571 364 2614 6)
391 2571 433 2604 cf.
452 2571 528 2605 Liv.
546 2574 601 2606 26.
618 2574 680 2616 393
705 2575 760 2608 36.
782 2575 843 2616 423
868 2575 922 2607 42.
947 2575 1010 2616 483
1035 2575 1090 2607 40.
1119 2575 1174 2616 183
1200 2575 1254 2608 35.
1285 2575 1342 2607 16:
1372 2572 1455 2617 »qui
1479 2572 1575 2605 enim
1598 2572 1719 2617 magis

221 2626 419 2671 Smyrnaei
440 2628 764 2675 Lampsacenique
785 2629 920 2664 Graeci
943 2635 1039 2669 sunt,
1064 2641 1178 2675 quam
1196 2629 1443 2675 Neapolitani
1467 2634 1500 2662 et
1523 2629 1664 2675 Reyini
1687 2635 1719 2663 et

223 2682 434 2724 Tarentini,
471 2697 496 2718 a
521 2687 652 2730 quibus
676 2687 920 2732 stipendium,
955 2699 980 2721 a
1005 2687 1135 2732 quibus
1160 2699 1272 2721 naves
1297 2698 1339 2721 ecc
1357 2686 1506 2730 foedere
1531 2686 1714 2731 exiyitish
