1907 2905
832 130 1108 167 —45-

222 256 432 298 ponuntur.
500 248 577 287 Sed
609 248 716 287 aliter
746 262 805 288 res
843 263 883 288 se
918 250 1102 289 habuisse
1133 253 1313 291 videntur
1351 255 1506 292 Isaurae
1543 254 1582 292 in
1619 255 1713 293 urbe

224 317 413 364 Pisidiae,
454 315 520 355 ubi
557 317 660 354 cives
696 317 867 355 Romani
910 318 1182 366 consistentes,
1223 321 1291 369 qui
1331 332 1409 358 una
1448 333 1536 359 cum
1578 322 1713 360 ordine

221 387 447 435 populoque
478 384 643 423 civitatis
674 384 714 422 in
745 386 899 423 duobus
929 385 1048 423 titulis
1060 384 1090 436 l)
1123 396 1498 436 commemorantur,
1531 402 1610 427 non
1641 390 1713 427 illis

221 453 367 500 verbis,
400 465 500 502 quae
529 461 715 502 usurpata
755 465 840 491 esse
877 453 1011 491 ceteris
1050 454 1089 491 in
1130 454 1248 494 titulis
1286 463 1323 493 et
1363 457 1466 505 apud
1508 458 1712 507 scriptores

220 520 410 571 videmus,
443 521 511 559 sed
545 522 729 561 formula:
767 518 835 558 »οἵ
861 534 902 558 τε
933 520 1319 574 συμπολιτευόμενοι
1346 517 1561 573 Ῥωιιιαῖοια
1597 525 1713 574 signi-

219 589 397 626 ficantur.
460 589 573 637 Quae
603 602 679 627 vox
710 587 1076 640 συμπολιτεύεσθαι
1108 591 1203 639 quid
1240 591 1315 629 sibi
1347 591 1462 639 velit,
1505 593 1630 631 elucet
1668 606 1714 631 ex

219 656 338 694 titulis
368 656 442 694 illis
472 657 579 706 apud
609 658 665 695 Le
696 658 1078 708 Bas—Waddington,
1110 660 1231 698 Inscr.
1256 655 1390 697 d'Asie
1411 660 1507 698 Min.
1540 673 1577 700 n.
1605 661 1711 700 1290

219 732 256 762 et
286 726 415 774 1292,
456 724 524 763 ubi
565 732 747 774 quattuor
787 726 934 775 oppida
976 727 1139 775 Lyciae,
1181 739 1281 776 quae
1319 739 1438 765 unum
1478 725 1711 778 populumss)

219 794 438 831 efficiebant
469 793 688 843 eodemque
717 794 852 832 ordine
875 796 1080 832 utebantur
1114 792 1538 845 »συμπολιτευόμενω
1575 796 1710 834 dicun-

219 858 338 911 tur3).
408 862 507 899 Inde
545 862 791 900 concluditur
829 862 931 900 cives
964 865 1168 901 Romanos
1205 863 1260 901 sic
1291 862 1465 901 adiectos
1498 876 1586 902 cum
1617 866 1711 903 urbe

217 930 350 966 Isaura
370 929 487 967 artius
506 929 736 967 coniunctos
758 929 875 968 fuisse
896 942 1095 979 unamque
1118 930 1315 968 civitatem
1337 943 1428 969 cum
1449 931 1513 969 illa
1533 931 1708 982 gessisse.

219 998 350 1046 Quam
382 998 435 1035 ob
466 1010 547 1035 rem
578 998 680 1035 hanc
710 997 937 1035 societatem
969 999 1084 1048 longe
1115 998 1222 1035 aliter
1244 998 1507 1048 constitutam,
1541 1011 1640 1048 quae
1669 1001 1709 1038 in

217 1072 297 1102 tarn
319 1065 532 1114 longinqua
554 1079 600 1103 ac
621 1066 824 1103 recondita
845 1066 1000 1116 regione
1022 1067 1257 1115 versabatur,
1280 1066 1348 1104 ubi
1369 1078 1496 1115 neque
1518 1080 1705 1106 commer-

219 1133 322 1171 cium
354 1134 541 1179 florebat,
574 1146 700 1182 neque
730 1133 811 1183 agri
843 1134 981 1171 fertiles
1018 1142 1188 1171 aratores
1227 1133 1467 1183 alliciebant,
1505 1147 1584 1172 non
1624 1148 1709 1174 esse

217 1213 262 1239 ex
294 1214 333 1239 se
364 1209 496 1239 natam
530 1200 680 1251 opinor,
714 1201 782 1239 sed
814 1201 905 1239 illuc
935 1201 1114 1239 Isauricis
1137 1201 1247 1239 victis
1271 1203 1435 1240 colonos
1456 1215 1480 1239 a
1501 1203 1705 1253 Romanis,

216 1277 258 1307 ut
287 1269 326 1307 in
356 1269 450 1307 alias
481 1269 650 1307 Pisidiae
680 1270 807 1315 urbes,
841 1268 1107 1316 Antiochiam,
1142 1270 1365 1316 Cremnam,
1400 1270 1603 1319 Olbasam‚
1636 1272 1708 1309 im-

215 1337 309 1387 perii
349 1337 403 1375 ibi
439 1336 620 1375 firmandi
659 1349 777 1374 causa
815 1337 1006 1375 deductos
1045 1350 1129 1375 esse
1176 1337 1368 1387 simulque
1409 1339 1513 1376 urbis
1553 1341 1707 1378 Isaurae

215 1404 613 1454 administrationem,
654 1403 694 1442 id
724 1405 832 1453 quod
864 1405 1089 1455 saepissime
1120 1406 1266 1444 facturn
1298 1415 1377 1455 est,
1420 1407 1518 1445 inter
1556 1416 1704 1446 veteres

216 1474 319 1512 cives
358 1485 564 1522 novosque
602 1473 765 1511 colonos
805 1485 889 1511 esse
935 1473 1113 1511 divisam.
1178 1474 1218 1512 Si
1263 1475 1340 1513 hoc
1384 1483 1486 1513 recte
1531 1488 1553 1513 a
1593 1476 1706 1514 nobis

215 1540 414 1591 statuitur,
454 1542 644 1579 habemus
684 1540 725 1578 in
766 1541 830 1578 illa
861 1542 955 1579 urbe
993 1555 1073 1580 non
1112 1542 1337 1581 societatem
1379 1544 1522 1581 civium
1561 1546 1707 1582 Roma-

214 1621 353 1648 norum
384 1609 609 1659 negotiandi
640 1621 759 1646 causa
790 1609 1099 1657 consistentium,
1133 1611 1202 1648 sed
1234 1612 1463 1649 colonorum
1495 1612 1702 1662 rempubli—

214 1690 302 1716 cam
333 1689 423 1715 cum
453 1677 750 1727 provincialium
782 1679 878 1715 urbe
908 1677 1216 1726 coniunctam4).

326 1748 373 1784 In
389 1746 616 1785 Occidentis
637 1759 729 1784 vero
756 1746 864 1784 terris
894 1755 1110 1785 conventus
1132 1748 1276 1786 civium
1294 1751 1579 1793 Romanorum,
1608 1749 1638 1787 si
1665 1749 1704 1787 in

214 1814 310 1852 vicis
340 1814 609 1865 indigenarum
641 1815 790 1853 conditi
821 1823 940 1869 erant,
973 1828 1054 1854 non
1074 1817 1312 1866 respublicas
1343 1817 1384 1855 in
1404 1818 1517 1855 rebus
1538 1817 1703 1867 publicis

213 1882 397 1930 effecisse,
429 1891 471 1920 ut
500 1883 540 1921 in
562 1883 729 1922 Orientis
761 1883 934 1931 urbibus,
967 1883 1035 1921 sed
1058 1886 1263 1923 Romanos
1294 1886 1401 1935 ipsos
1425 1898 1515 1923 mox
1536 1885 1704 1935 superio-

211 1963 294 1990 rern
324 1953 457 1990 locum
489 1952 658 1990 tenuisse
688 1951 872 2001 ipsosque
903 1951 1094 2002 oppidum
1123 1953 1426 1998 administrasse,
1458 1961 1499 1991 ut
1525 1967 1591 2003 per
1613 1966 1702 1992 suos

213 2020 458 2070 magistratus
480 2033 612 2059 muros
633 2029 869 2060 exstruerent
891 2029 1006 2070 atque
1028 2022 1296 2071 defenderent,
1329 2022 1360 2061 si
1381 2023 1554 2073 pericula
1576 2023 1701 2061 immi-

326 2190 352 2231 ¹)
378 2188 469 2222 Bull.
496 2188 538 2223 de
563 2199 633 2223 cor.
659 2189 752 2223 Hell.
778 2189 827 2223 XI
857 2191 975 2233 (1887)
1006 2201 1038 2234 p.
1057 2191 1100 2226 67
1126 2201 1158 2224 11.
1176 2193 1220 2225 46
1252 2191 1348 2235 (app.
1376 2202 1407 2224 n.
1426 2193 1504 2235 92);
1539 2191 1699 2236 Sterrett,

211 2243 288 2277 The
313 2243 429 2278 Wolfe
455 2243 591 2287 Exped.
616 2243 667 2277 111
692 2255 725 2288 p.
747 2246 809 2280 107
836 2256 868 2279 n.
890 2248 949 2280 181
978 2252 1073 2290 (app.
1100 2257 1132 2280 n.
1151 2249 1218 2288 93).

322 2300 351 2345 2)
377 2300 418 2335 cf.
445 2300 528 2335 ibid.
554 2312 586 2335 n.
615 2304 712 2337 1296.

323 2359 352 2400 3)
378 2358 550 2394 Similiter
574 2359 686 2394 utitur
712 2360 838 2395 Strabo
864 2361 948 2394 XIV
975 2364 1015 2396 10
1042 2361 1146 2396 verbo
1173 2362 1408 2402 συμπολίζειν.
1450 2362 1492 2396 cf.
1517 2361 1697 2405 Merkens,

211 2415 391 2458 Quomodo
417 2415 567 2450 Romani
591 2417 715 2451 Asiam
740 2428 835 2461 prov.
861 2418 1120 2453 constituerint.
1158 2430 1189 2463 p.
1207 2422 1238 2454 4.

321 2472 352 2514 4)
376 2472 429 2506 De
455 2473 511 2507 his
538 2473 616 2508 vide
641 2474 844 2518 Zumptium
869 2475 905 2508 in
931 2485 1051 2509 comm.
1081 2476 1190 2519 epigr.
1218 2475 1232 2508 1
1259 2477 1504 2518 1›.404—474;
1534 2475 1575 2508 cf.
1602 2474 1695 2507 Mar-

209 2528 356 2573 quardt,
388 2528 437 2563 St.
463 2529 504 2564 V.
530 2529 546 2563 I
570 2541 604 2574 p.
625 2534 687 2566 118
714 2531 793 2565 adn.
811 2534 834 2566 4
859 2536 894 2566 et
918 2543 950 2576 p.
974 2535 1036 2567 124
1053 2543 1104 2575 sq.
1160 2532 1330 2565 Similiter
1361 2532 1453 2575 apud
1487 2531 1694 2565 Strabonem

210 2585 256 2628 (X
281 2588 363 2628 460)
388 2586 503 2620 coloni
532 2587 576 2622 ab
602 2588 766 2632 Augusto
791 2588 919 2623 Patras
951 2589 1093 2624 deducti
1119 2593 1354 2623 vocantur...
1389 2588 1442 2621 »οἱ
1473 2588 1509 2618 ἐν
1536 2585 1695 2631 Πάτραις

206 2639 385 2684 Ῥωμαῖοι«
413 2643 456 2677 cf.
481 2643 600 2688 Kuhn,
625 2644 853 2688 Entstehuug
878 2645 940 2679 der
966 2645 1088 2680 Stadte
1115 2645 1177 2679 der
1202 2644 1307 2678 Alton
1333 2654 1365 2687 1).
1383 2645 1573 2678 400—413.
