1907 2905
829 170 1077 208 —5-

209 304 277 342 per
298 291 486 330 Iudaeum
519 291 651 328 animo
685 290 906 340 praecipere
937 293 1119 330 solemus.
1173 293 1250 331 Sed
1271 306 1419 341 omnes,
1453 306 1703 344 quocumque

207 360 329 398 modo
360 358 440 397 sive
471 359 633 396 honeste
663 359 875 397 fenerando
906 366 972 396 aut
1002 360 1170 407 arando,
1210 360 1290 399 sive
1321 360 1524 400 inhoneste
1556 375 1702 400 merces

206 426 456 477 importando
487 433 522 464 et
553 428 795 476 exportando
827 439 906 465 rem
939 427 1165 466 familiarem
1198 428 1235 466 in
1257 428 1469 478 provinciis
1490 430 1699 480 augebant,

206 494 343 533 civitas
376 497 557 533 Romana
593 494 779 532 universis
818 494 1038 532 communis
1076 495 1173 534 inter
1211 508 1251 534 se
1289 496 1491 534 coniunxit
1529 509 1703 535 commu-

206 562 347 613 niaque
382 562 581 613 privilegia
617 570 732 612 atque
770 563 1000 610 commoda,
1043 576 1142 612 quae
1182 563 1240 603 ius
1279 565 1529 614 praecipuum
1569 578 1702 604 conse-

205 632 435 681 quebantur,
469 644 492 668 a
522 630 639 668 sociis
670 638 788 680 atque
809 630 1109 681 provincialibus
1139 633 1404 683 segregabant.
1457 634 1576 673 Adde
1596 634 1700 672 auxi-

204 698 298 736 lium
329 698 664 748 praesidiumque,
705 700 811 749 quod
843 701 949 749 apud
979 699 1202 750 peregrinos
1234 701 1490 740 consistentes
1528 701 1624 740 inter
1662 715 1701 740 se

205 767 389 816 praebere
419 774 640 815 potuerunt,
673 769 798 806 cultus
830 768 1042 806 eorundem
1076 769 1250 815 deorum,
1285 770 1608 809 consuetudinem
1637 771 1701 808 de·

204 834 322 884 nique
353 846 559 884 moresque
590 836 764 879 eosdem,
798 836 939 886 quibus
971 849 1017 874 ex
1047 836 1186 874 eadem
1209 836 1355 887 origine
1386 837 1460 876 orti
1481 839 1697 876 utebantur.

207 903 316 952 Quid
347 904 465 953 ergo?
508 917 554 941 ex
585 905 659 941 hac
695 904 779 954 ipsa
816 916 940 942 rerum
979 912 1116 942 natura
1154 917 1284 942 nonne
1315 905 1532 943 necessario
1564 918 1698 944 conse—

205 973 413 1020 quebatur,
444 980 485 1009 ut
517 973 651 1010 omnia
681 985 823 1022 genera
853 974 991 1010 horum
1031 972 1176 1010 civium
1207 973 1313 1022 apud
1344 980 1493 1012 exteros
1524 973 1620 1011 inter
1660 987 1700 1012 se

205 1040 352 1079 coirent
374 1040 656 1090 societatesque
679 1042 888 1088 efficerent,
922 1048 963 1078 ut
985 1041 1200 1079 commoda
1222 1053 1291 1079 sua
1313 1050 1521 1088 servarent,
1554 1040 1699 1079 auxilio

205 1108 277 1148 sibi
308 1116 434 1147 essent
465 1109 758 1158 consociatique
791 1109 934 1147 viribus
966 1109 1116 1147 collatis
1154 1108 1268 1147 etiam
1306 1122 1352 1147 ea
1389 1109 1543 1159 assequi
1583 1122 1697 1148 cona·

204 1185 344 1224 rentur,
376 1190 476 1227 quae
506 1177 666 1227 singulis
697 1177 861 1227 adipisci
892 1177 1027 1216 nescio
1057 1190 1106 1215 an
1138 1190 1339 1227 nunquam
1370 1175 1544 1215 licuerit?

318 1248 540 1295 Antequam
572 1254 702 1283 autem
734 1245 960 1284 accedimus
991 1246 1043 1284 ad
1064 1247 1135 1283 has
1158 1245 1481 1296 congregationes
1512 1246 1699 1285 illustran-

205 1313 288 1360 das,
321 1325 418 1362 quas
441 1314 662 1351 tractandas
685 1313 800 1352 nobis
822 1314 1112 1364 proposuimus,
1135 1315 1234 1353 haec
1256 1314 1421 1353 breviter
1442 1314 1696 1365 attingamus:

203 1381 324 1430 Quod
355 1380 458 1419 enim
490 1380 660 1419 diximus
692 1381 810 1430 paulo
841 1389 957 1419 antea
988 1381 1184 1419 civitatem
1207 1383 1429 1420 Romanam
1462 1389 1697 1432 potestatem

202 1449 354 1488 fruendi
384 1449 456 1488 illis
486 1450 670 1489 omnibus
702 1450 912 1501 privilegiis
945 1450 1246 1499 commodisque
1277 1450 1504 1489 commercii
1527 1450 1693 1499 dedisse,

201 1519 279 1556 hoc
308 1525 411 1557 recte
442 1526 590 1569 spectat
624 1520 674 1557 ad
707 1526 885 1569 tempora
917 1521 1000 1558 sola
1030 1527 1121 1570 post
1153 1520 1295 1558 bellum
1328 1518 1470 1558 sociale
1503 1531 1592 1557 cum
1625 1522 1696 1558 Ita-

201 1586 284 1625 licis
314 1594 480 1637 gestum‚
513 1600 591 1625 non
623 1588 671 1625 ad
705 1595 869 1626 aetatem
902 1587 1174 1637 antiquiorem.
1229 1588 1331 1626 Nam
1364 1587 1421 1625 his
1454 1588 1695 1638 temporibus

202 1667 281 1693 non
323 1656 445 1694 modo
487 1655 591 1694 cives
623 1655 817 1700 Romani,
858 1656 927 1694 sed
969 1655 1087 1694 etiam
1128 1655 1225 1694 socii
1265 1655 1433 1694 nominis
1477 1655 1585 1694 latini
1627 1656 1697 1695 eis-

203 1723 292 1761 dem
324 1723 546 1762 commodis
577 1725 822 1771 fruebantur,
865 1723 905 1762 id
937 1725 1044 1773 quod
1075 1737 1123 1762 ex
1157 1725 1312 1763 duobus
1351 1724 1449 1763 locis
1481 1724 1652 1763 Livianis
1665 1722 1695 1773 ¹)

203 1790 374 1829 dilucide
404 1799 576 1842 apparet.
639 1793 751 1842 Quae
787 1799 915 1830 autem
959 1799 1092 1843 gentes
1132 1793 1266 1831 Italiae
1305 1794 1378 1831 hac
1418 1792 1697 1844 significatione

203 1860 399 1898 sociorum
431 1859 539 1898 latini
569 1860 737 1898 nominis
769 1862 874 1911 apud
905 1861 1012 1899 illum
1035 1873 1161 1899 rerum
1190 1861 1421 1911 scriptorem
1442 1861 1698 1911 comprehen-

204 1927 359 1978 dantur,
391 1929 496 1967 haud
527 1928 650 1976 facile,
683 1937 724 1967 ut
755 1936 811 1967 est
841 1929 922 1968 eius
953 1941 1044 1968 usus
1076 1929 1263 1979 loquendi
1294 1930 1332 1968 in
1364 1930 1423 1968 his
1452 1929 1696 1980 potissimum

202 1995 331 2034 verbis
362 1997 477 2036 valde
505 1997 693 2045 incertus,
728 1997 913 2048 cognosci
945 1994 1128 2048 potest2).
1195 1999 1297 2036 Nam
1338 2010 1475 2036 omnes
1506 1997 1698 2036 eiusmodi

202 2065 413 2112 formulae,
453 2077 554 2115 quae
584 2073 672 2104 sunt
719 2063 845 2104 »socii
878 2078 925 2102 ac
964 2063 1144 2104 nominis
1183 2062 1329 2104 latini«
1374 2067 1436 2104 vel
1482 2063 1610 2103 »socii
1649 2078 1696 2102 ac

202 2146 345 2172 ‘nomen
387 2131 614 2181 latinum«,
656 2136 713 2172 vel
762 2132 891 2172 »socii
931 2131 1056 2172 latini
1096 2132 1298 2172 nominis«
1350 2141 1500 2173 ceterae
1539 2133 1698 2172 minime

320 2281 345 2322 ¹)
370 2278 426 2312 Ex
451 2278 525 2312 Liv.
552 2280 606 2314 38.
633 2281 686 2312 44.
712 2281 761 2322 4.‚
789 2278 848 2312 ubi
873 2277 998 2313 foedus
1024 2289 1103 2313 cum
1130 2278 1323 2312 Ambracia
1354 2287 1386 2313 a.
1411 2277 1561 2320 587s167
1588 2277 1696 2311 ictum

207 2336 407 2380 expositum
434 2340 488 2369 est
514 2340 548 2369 et
572 2338 625 2370 40.
645 2338 698 2370 42.
717 2339 761 2380 4.,
788 2346 856 2379 quo
882 2336 959 2371 loco
985 2336 1135 2380 legimus
1162 2335 1371 2379 Duronium,
1398 2335 1458 2378 qui
1484 2339 1628 2378 praetor
1654 2344 1696 2367 ex

203 2392 345 2436 Illyrico
370 2392 537 2436 redierat,
563 2392 711 2427 Romam
737 2393 956 2428 nuntiavisso
985 2394 1028 2438 (a.
1054 2394 1217 2436 574J180)
1245 2391 1410 2426 Gentium
1436 2401 1554 2434 regem
1585 2390 1694 2423 »mul-

204 2451 249 2483 tis
274 2450 410 2483 civibus
436 2450 621 2484 Romanis
647 2456 678 2484 et
703 2452 809 2485 sociis
840 2451 950 2485 latini
974 2451 1152 2484 nominis«
1189 2449 1338 2483 iniurias
1364 2448 1491 2482 fecisse
1529 2452 1579 2480 »et
1606 2448 1697 2480 cives

204 2507 398 2541 Romanos
429 2506 502 2540 dici
529 2507 709 2552 Corcyrae
741 2508 920 2541 retineri‹.
976 2507 1031 2540 Ex
1064 2507 1119 2541 his
1153 2516 1292 2549 quoque
1327 2504 1441 2539 verbis
1474 2503 1696 2546 intellegitur

205 2563 320 2598 socios
344 2563 445 2597 latini
463 2563 615 2598 nominis
641 2563 774 2598 eisdem
792 2563 994 2608 commodis,
1021 2563 1150 2606 quibus
1168 2562 1358 2604 Romanos,
1384 2570 1465 2595 usos
1491 2570 1579 2603 esse,
1606 2558 1691 2602 quia

205 2619 339 2663 pariter
363 2619 540 2663 indigenis
566 2620 711 2664 regique
738 2630 859 2655 eorum
885 2620 964 2654 odio
991 2620 1100 2653 fuisse
1128 2618 1301 2652 videntur.

318 2675 346 2720 2)
371 2676 495 2720 Kiene,
521 2676 593 2710 Der
618 2680 701 2711 rom.
729 2675 1163 2719 Bundesgenossenkrieg.
1190 2686 1221 2718 p.
1245 2676 1432 2708 112—119.
