1907 2905
858 160 1136 198 ..11-

255 280 382 321 »cives
421 279 625 328 Romani,
674 280 747 335 qui
793 279 1072 329 consistunt«,
1116 290 1182 321 aut
1229 282 1539 322 »consistentes«
1585 283 1739 331 alicubi,

248 363 386 401 graece
430 348 491 388 »οἱ
532 350 815 395 κατοικοῦντες
856 343 1086 401 Ῥωμαῖυμα
1150 351 1263 399 Quae
1303 351 1359 389 vis
1399 359 1527 390 autem
1567 351 1658 389 insit
1700 351 1741 389 in

247 419 367 457 verbo
403 421 686 468 »consistere«,
717 418 1023 468 praeclarissime
1053 420 1278 457 Mommsen
1316 420 1471 458 duobus
1507 417 1647 468 loeis1)
1679 432 1741 457 ex—

247 485 388 535 posuit.
450 487 521 524 Est
549 485 751 535 proprium
783 498 828 522 ac
859 485 992 523 tritum
1023 485 1117 523 illud
1150 488 1325 536 verbum,
1357 500 1448 537 quo,
1481 489 1511 526 si
1543 499 1659 537 quem
1690 488 1740 525 ad

249 554 381 592 locum
411 560 580 603 spectat,
621 553 860 604 significatur
891 553 1178 593 multitudinem
1211 556 1434 596 hominum.
1474 565 1540 595 aut
1570 557 1740 608 singulos

248 633 338 659 cum
369 621 564 660 nonnullis
595 621 712 660 sociis
741 621 808 661 illo
838 622 927 660 loco
959 622 1104 660 diutius
1143 624 1396 672 commorari,
1440 637 1529 664 curn
1571 624 1740 663 hominis

244 702 293 727 ex
323 689 454 739 aliquo
485 689 633 739 oppido
664 689 775 739 origo
805 689 986 740 genetivo
1017 690 1123 729 urbis
1154 691 1324 730 nominis
1355 701 1421 731 aut
1452 693 1645 731 adiectivo
1677 706 1740 731 ex-

245 757 420 808 plicetur.
481 759 619 808 Itaque
647 759 725 797 hoc
755 760 919 798 verbum
951 760 1023 804 eis,
1067 760 1209 808 quibus
1240 760 1382 810 aliquis
1413 761 1531 807 civis,
1573 774 1652 799 non
1683 761 1739 800 in-

246 827 335 865 cola
364 826 470 865 urbis
501 826 689 877 oppidive
719 840 803 865 esse
833 827 994 874 dicitur,
1036 828 1133 865 duas
1171 827 1210 865 in
1241 836 1368 877 partes
1406 829 1629 878 oppositum
1660 837 1736 868 est:

249 894 282 933 si
316 894 581 933 »consistere«
619 907 709 933 cum
740 896 899 934 nomine
937 896 1102 934 alicuius
1141 895 1219 934 loci
1260 897 1528 948 coniungitur,
1570 905 1636 936 aut
1675 898 1738 936 hic

243 964 352 1001 locus
382 962 413 1001 is
444 971 514 1009 est,
547 976 593 1001 ex
622 976 702 1012 quo
733 965 841 1015 origo
874 964 967 1003 civis
999 965 1161 1003 omnino
1192 964 1284 1003 duci
1307 978 1387 1003 non
1416 966 1550 1015 possit,
1584 974 1649 1004 aut
1671 979 1737 1004 eos

243 1030 434 1078 homines,
467 1033 533 1081 qui
565 1031 708 1071 alicubi
739 1033 992 1071 consistentes
1024 1032 1285 1080 nominantur,
1318 1046 1396 1071 non
1428 1046 1512 1072 esse
1543 1034 1648 1072 cives
1678 1047 1738 1071 ur-

244 1099 303 1138 bis
336 1098 430 1147 eius,
462 1099 502 1137 in
533 1112 610 1148 qua
641 1106 945 1149 commorantur,
978 1099 1183 1140 indicatur.
1244 1101 1315 1137 Illa
1344 1100 1493 1138 ratione
1523 1114 1600 1139 vox
1630 1113 1739 1138 usur-

245 1175 359 1217 patur
388 1167 558 1218 primum
589 1168 640 1205 ad
670 1168 803 1205 locum
835 1167 1099 1217 congregandi
1137 1167 1438 1206 describendum
1452 1164 1501 1217 2),
1534 1169 1600 1218 qui
1631 1169 1737 1207 idem

241 1234 453 1285 posteriore
482 1234 671 1273 latinitate
708 1234 1043 1273 »consistorium«
1080 1236 1325 1282 nominatur,
1364 1244 1469 1286 tum,
1510 1237 1541 1275 si
1572 1237 1738 1276 domici-

241 1303 335 1341 lium
366 1310 424 1341 est
456 1302 564 1340 vicus
595 1303 656 1341 vel
687 1304 796 1341 locus
828 1305 1070 1353 oppidumve
1101 1304 1206 1343 aliud
1237 1305 1319 1343 sine
1349 1305 1429 1344 iure
1459 1305 1563 1344 urbis
1596 1305 1737 1344 consti-

241 1377 380 1417 tutum,
413 1372 519 1409 velut
550 1371 738 1421 plurimae
769 1371 914 1409 civium
945 1374 1216 1411 Romanorum
1247 1373 1286 1411 in
1317 1374 1533 1412 occidentis
1564 1374 1737 1423 partibus

241 1440 565 1490 congregationes
595 1446 711 1489 atque
733 1441 906 1478 canabae
937 1441 1134 1490 legionum
1157 1449 1265 1480 erant
1296 1440 1554 1492 ordin‘atae3).
1606 1444 1737 1480 Altera

240 1507 389 1546 ratione
418 1514 548 1545 autem
580 1520 675 1554 vox,
715 1507 746 1545 si
778 1508 989 1546 coniuncta
1020 1516 1077 1547 est
1108 1521 1198 1547 curn
1229 1509 1389 1548 nomine
1420 1509 1527 1548 urbis
1559 1509 1734 1556 alieuius,

240 1575 442 1614 referenda
471 1583 529 1613 est
560 1576 610 1613 ad
641 1588 708 1614 eos
739 1575 938 1622 homines,
982 1577 1048 1625 qui
1079 1578 1118 1615 in
1149 1577 1213 1615 illa
1243 1579 1337 1616 urbe
1368 1591 1446 1615 non
1491 1586 1578 1616 sunt
1618 1578 1733 1624 cives,

241 1643 310 1681 sed
341 1650 492 1681 tantum
524 1643 668 1682 diutius
699 1643 752 1682 ibi
784 1633 1134 1694 commorantur4).
1195 1647 1414 1695 Quomodo
1446 1659 1537 1685 vero
1569 1647 1667 1685 inter
1698 1660 1737 1685 se

242 1711 420 1750 differant
449 1712 555 1751 urbis
586 1711 739 1751 incolae
769 1720 806 1751 et
838 1713 1117 1761 consistentes,
1161 1715 1412 1765 cognoscitur
1449 1729 1496 1753 ex
1538 1716 1627 1753 loco
1667 1715 1733 1752 illo

358 1914 383 1956 ¹)
407 1912 528 1948 Herm.
553 1913 573 1948 1.
591 1913 613 1946 l.
639 1923 672 1956 p.
691 1915 757 1948 309
783 1918 818 1947 et
843 1913 1106 1957 adnota.ti0nes;
1135 1915 1518 1959 Correspondenzblatt
1541 1915 1604 1949 der
1617 1915 1734 1948 West-

243 1968 439 2004 deutschen
461 1969 598 2004 Ztschr.
625 1969 649 2003 f.
668 1969 796 2004 Gesch.
823 1981 856 2004 u.
874 1970 990 2006 Kunst
1014 1972 1099 2006 VIII
1128 1975 1141 2007 1
1170 1984 1202 2016 p.
1224 1975 1365 2007 19—28.
1415 1972 1456 2006 cf.
1484 1972 1589 2006 etiam
1616 1971 1733 2005 Neues

240 2025 346 2059 Arch.
372 2025 395 2060 f.
422 2026 533 2060 altere
559 2025 729 2060 deutsche
757 2026 1005 2062 Geschichtsk.
1033 2029 1116 2062 XIV
1142 2040 1174 2072 p.
1193 2032 1260 2065 528
1277 2040 1327 2072 sq.

351 2082 379 2127 2)
406 2083 549 2127 saepius
574 2083 611 2116 in
636 2081 751 2116 titulis
777 2082 875 2116 urbis
893 2082 1026 2117 Romae
1053 2089 1088 2118 et
1104 2084 1307 2129 Luguduni,
1333 2085 1429 2119 velut
1454 2084 1548 2129 apud
1574 2084 1732 2127 negotia-

239 2142 334 2171 tores
360 2137 516 2172 vinarios
544 2137 693 2181 ibidem,
725 2137 786 2180 qui
812 2137 982 2173 dicuntur
1016 2140 1246 2184 »Lugyzrclum'
1276 2142 1313 2174 in
1340 2141 1516 2175 Καηαόἱε
1540 2142 1732 2175 consisten-

242 2199 325 2227 tes«.
374 2194 416 2229 cf.
443 2194 538 2229 Fest.
564 2205 597 2238 p.
617 2198 683 2230 333
709 2195 775 2239 (ed.
801 2196 916 2239 Miill.)
946 2198 1003 2230 »in
1029 2197 1211 2233 Aventino
1236 2199 1340 2233 aedis
1365 2199 1569 2237 illinervae,
1596 2199 1633 2231 in
1658 2210 1732 2242 qua

240 2251 358 2284 liceret
384 2251 511 2285 scribis
535 2252 841 2297 histrionibus-que
865 2255 1114 2288 consistere
1138 2267 1182 2289 ac
1207 2256 1308 2290 dona
1329 2267 1510 2300 ponere«.

353 2307 381 2350 ³)
413 2306 493 2341 Non
528 2307 746 2342 sollemniter
781 2308 848 2343 hoc
881 2309 1025 2343 verbum
1060 2310 1257 2345 adhibitum
1290 2322 1366 2346 esse
1401 2312 1485 2345 mihi
1523 2311 1659 2345 videtur
1697 2311 1730 2343 in

239 2363 413 2407 rescripto
440 2363 560 2398 Severi
587 2369 622 2398 et
646 2364 818 2398 Antonini
845 2375 876 2400 a.
902 2377 933 2410 p.
961 2366 1041 2400 Chr.
1061 2369 1143 2410 2033
1171 2367 1212 2401 cf.
1239 2368 1361 2411 fragm.
1389 2369 1502 2403 Vatic.
1522 2369 1598 2410 247,
1625 2369 1669 2410 (p.
1690 2369 1730 2401 74

237 2419 290 2454 ed.
317 2419 501 2464 Momms.).

353 2478 380 2521 ⁴)
407 2477 619 2521 Excipiendi
647 2485 729 2513 sunt
754 2480 859 2524 pauci
886 2481 981 2515 tituli
1006 2481 1306 2525 Imgudunenses,
1339 2482 1398 2525 qui
1425 2482 1529 2515 aliter
1559 2480 1728 2524 explicari

240 2538 407 2577 possunt3
439 2534 481 2568 cf.
508 2534 705 2570 Mommsen
731 2537 843 2571 altero
876 2537 969 2581 loco,
1001 2549 1103 2581 quom
1137 2549 1244 2582 supra
1275 2538 1504 2572 laudavimus.
1561 2537 1729 2571 Perverse

239 2594 386 2634 propter
411 2590 475 2625 hos
500 2591 723 2635 potissimum
750 2594 873 2628 titulos
899 2595 1033 2629 iudicat
1058 2596 1100 2629 ‹le
1128 2596 1222 2629 vorbi
1258 2597 1497 2629 »consistere«
1533 2606 1597 2628 usu
1624 2594 1728 2627 Mane

238 2647 273 2680 in
299 2647 424 2681 Philol.
453 2648 517 2682 vol.
536 2650 579 2684 47
606 2651 720 2693 (188⁰)
746 2662 778 2694 p.
796 2653 985 2686 487-513.
