1928 2884
830 116 1109 156 -15„„

220 244 358 295 ipsam,
390 242 428 281 in
459 254 538 292 qua
567 241 626 279 ius
657 240 908 286 reddebatur,
939 247 1058 290 atque
1089 241 1206 280 etiam
1238 241 1342 281 circa
1363 243 1499 281 urbem
1521 242 1720 282 dioecesin

222 320 381 359 certam,
414 325 462 350 ex
493 322 571 360 qna
603 309 777 348 civitates
807 309 847 347 in
878 309 992 348 huius
1024 311 1150 348 forum
1184 310 1484 350 conveniebant.
1549 311 1627 350 Sed
1665 312 1723 350 lo·

222 393 289 419 cus
319 387 386 418 aut
415 379 521 429 regio
552 377 746 416 eiusmodi
777 378 956 417 nondum
988 385 1145 417 notatur
1175 380 1335 418 nomine
1365 387 1582 419 conventus
1616 380 1723 430 apud

222 450 430 488 Caesarem
443 445 491 496 ¹),
529 445 724 484 rarissime
753 447 861 496 apud
893 445 1187 497 Ciceronem²)‚
1221 448 1287 497 qui
1318 449 1358 486 in
1389 447 1563 498 epistolis
1575 445 1608 498 3)
1641 447 1725 497 qui-

221 518 311 556 dem
343 528 494 565 semper
522 527 665 565 graeca
694 527 794 553 voce
830 511 1076 554 »dioecesis«
1094 513 1125 566 4)
1157 517 1234 554 hoc
1265 528 1381 554 sensu
1407 516 1539 558 utitur.
1602 517 1723 566 Apud

221 585 389 624 Plinium
401 582 433 635 ⁵)
464 591 592 622 autem
625 596 672 622 eo
703 584 826 622 modo
857 597 1005 624 nomen
1037 585 1134 624 illud
1166 597 1320 635 semper
1356 591 1563 634 usurpatur
1598 597 1722 635 appo-

221 653 296 692 sito
334 652 449 691 etiam
490 651 708 700 adiectivo‚
749 653 858 702 quod
898 661 955 692 est
1002 649 1287 701 vanidicus«,
1330 664 1430 702 quos
1478 657 1720 691 »conventas

219 717 440 759 immicos«
476 719 582 758 idem
614 732 899 771 nonnunquam
938 718 1301 760 »iurisdictiones«
1337 718 1512 771 vocat6).

234 794 237 796 ’
333 790 417 827 Iam
449 801 541 826 vero
571 789 610 827 in
642 790 810 827 formula
841 801 1000 839 quoque
1041 794 1285 827 »conventas
1327 787 1480 829 civium
1512 786 1725 827 Romano-

220 871 337 895 rum«
373 870 472 895 voce
503 866 721 896 conventus
753 857 964 896 multitudo
1002 858 1146 896 civium
1178 861 1453 897 Romanorum
1491 857 1725 896 iudiciorum

221 938 340 964 causa
370 925 539 975 aliquam
571 925 611 963 in
632 926 768 964 urbem
792 933 995 965 contracta
1026 926 1234 977 significari
1256 927 1421 966 videtur.
1474 928 1533 964 Eo
1562 925 1724 976 quidem

220 994 310 1032 loco
348 992 550 1031 Ciceronis
590 993 867 1041 Verrinarum,
919 1005 999 1043 quo
1046 993 1341 1044 antiquissimus
1379 994 1493 1033 huius
1534 995 1724 1032 formulae

221 1074 312 1099 usus
343 1061 457 1099 nobis
489 1069 666 1100 servatus
703 1069 780 1106 est,
824 1061 896 1100 nisi
938 1063 1069 1110 fallor.
1114 1063 1191 1100 hoe
1233 1063 1545 1101 demonstratur:
1592 1064 1723 1100 locum

222 1130 329 1168 illum
362 1130 475 1176 dico,
518 1129 584 1168 ubi
617 1129 756 1168 Cicero
789 1130 883 1181 legis
915 1130 1095 1180 Rupiliae
1125 1143 1161 1168 a.
1196 1130 1381 1180 623s131
1416 1132 1466 1169 de
1506 1131 1587 1168 iure
1620 1129 1726 1168 Sicu-

221 1200 347 1236 lorum
379 1205 588 1248 praecepta
619 1197 840 1248 exponit7),
882 1199 980 1237 inter
1010 1211 1112 1248 quae
1141 1200 1320 1250 leguntur
1357 1201 1476 1239 haec:
1534 1194 1724 1236 »Cetera-

222 1279 317 1304 rum
356 1279 499 1304 rerum
546 1266 586 1317 (i.
620 1280 652 1307 e.
695 1279 823 1305 rerum
864 1267 961 1305 inter
1003 1267 1106 1306 cives
1150 1269 1355 1306 Romanos
1395 1268 1500 1318 ipsos
1513 1265 1545 1317 8)
1589 1263 1729 1304 selecti

222 1331 377 1373 iudices
409 1347 428 1372 e
467 1333 647 1373 civium
683 1333 1022 1375 Romanorum
1062 1341 1304 1375 conventu
1328 1334 1514 1389 proponi
1553 1332 1724 1375 solent«.

222 1405 377 1443 Eodem
408 1416 522 1443 sensu
553 1405 715 1443 fortasse
747 1405 887 1444 Cicero
930 1406 1011 1455 ipse
1042 1407 1119 1444 hoc
1152 1406 1348 1444 vocabulo
1380 1405 1500 1443 utitur
1532 1404 1571 1442 in
1612 1405 1635 1444 l.
1667 1405 1726 1441 IV

222 1487 256 1513 e.
290 1474 355 1513 29.
390 1473 457 1519 67,
488 1473 554 1511 ubi
585 1473 691 1511 illum
725 1487 856 1524 regem
892 1474 1036 1523 Syriae,
1071 1473 1133 1512 cui
1165 1476 1306 1511 Verres
1340 1473 1512 1518 donum,
1546 1471 1654 1521 quod
1685 1471 1726 1509 in

222 1541 462 1591 Capitolium
493 1543 720 1580 Romanum
751 1542 936 1580 missurus
968 1550 1070 1589 erat,
1114 1544 1344 1591 abstulerat,
1388 1542 1485 1579 haec
1527 1541 1726 1579 dicentem

223 1610 332 1648 facit:
387 1606 466 1646 »Id
503 1608 581 1647 etsi
621 1616 744 1648 antea
781 1609 865 1649 iam
901 1617 1032 1648 mente
1068 1617 1105 1648 et
1145 1608 1392 1662 coyitatz'one
1429 1623 1506 1648 sua
1540 1605 1727 1662 fratris-

224 1690 299 1730 que
340 1676 407 1716 sui
441 1685 723 1717 consecratum
762 1686 882 1727 esset,
927 1686 1061 1717 tamen
1096 1686 1179 1717 lum
1214 1692 1255 1716 se
1285 1677 1333 1716 in
1364 1675 1456 1717 illo
1489 1681 1727 1716 conventu

225 1745 407 1785 civium
438 1743 769 1786 Romanorum
806 1745 920 1795 dare,
956 1745 1128 1796 donare,
1163 1744 1322 1797 dicare,
1357 1759 1599 1785 consecrare
1632 1743 1727 1785 Iovi

344 1900 367 1942 ¹)
393 1898 501 1942 Apud
526 1898 683 1932 Hirtium
708 1899 789 1933 bell.
817 1899 899 1942 gall.
924 1899 1019 1933 VIII.
1037 1901 1092 1942 46,
1118 1898 1178 1932 ubi
1205 1897 1313 1932 verba
1339 1901 1482 1931 exstant.
1511 1902 1729 1932 »conventus

220 1968 457 2002 percurrere«
494 1961 643 2000 propter
677 1956 822 1991 verbum
856 1967 1065 2000 percurrere
1103 1956 1223 2000 putari
1249 1960 1368 1999 potest
1393 1959 1586 1989 conventus
1613 1954 1659 1988 ad
1684 1964 1727 1989 ea

224 2014 313 2059 loca,
341 2014 401 2048 ubi
428 2015 482 2049 ius
509 2014 660 2058 dicatur,
686 2015 876 2058 pertinere.
917 2014 987 2048 Sed
1005 2014 1072 2048 hoc
1092 2013 1239 2048 verbum
1265 2012 1375 2047 habet
1402 2013 1469 2046 vim
1497 2012 1608 2047 solam
1636 2012 1729 2046 cele-

225 2071 342 2106 ritatis
369 2071 410 2106 cf.
438 2082 529 2116 quae
557 2072 700 2115 Herzog
724 2072 745 2105 l.
772 2072 793 2106 1.
820 2071 976 2106 adnotat.

339 2129 366 2173 2)
393 2129 436 2164 cf.
463 2130 499 2163 in
525 2130 626 2164 Verr.
653 2130 674 2163 l.
701 2130 745 2164 ΙΙ.
775 2132 857 2173 160;
883 2129 914 2163 V
942 2131 983 2164 16
1009 2129 1065 2172 (ΙΙ.
1091 2129 1158 2174 44).

339 2187 367 2231 3)
393 2198 446 2231 ep.
483 2187 528 2222 ad
561 2189 634 2221 Att.
669 2188 710 2221 V.
748 2191 799 2222 15.
831 2190 870 2231 33
907 2187 949 2220 V.
985 2189 1040 2220 21.
1072 2187 1109 2230 73
1147 2185 1192 2219 II.
1219 2188 1249 2219 2.
1275 2188 1314 2230 43
1351 2184 1396 2219 ad
1433 2184 1514 2218 fam.
1540 2184 1603 2219 III.
1629 2186 1661 2218 8.
1688 2187 1728 2228 4;

226 2245 322 2279 XIII.
349 2246 403 2280 67.
432 2248 460 2280 1.

340 2303 368 2345 4)
394 2302 486 2336 Nam
513 2302 725 2337 vocabulum
753 2302 964 2335 »dioecesis«
993 2300 1087 2335 idem
1112 2301 1231 2335 valere
1251 2311 1292 2335 ac
1310 2300 1460 2334 latinum
1489 2304 1728 2334 »conventus«

228 2359 454 2403 cognoscitur
476 2371 520 2395 ex
546 2360 661 2395 Strab.
687 2359 782 2393 XIII.
801 2362 832 2393 4.
854 2361 904 2393 12.
944 2359 986 2392 cf.
1014 2357 1227 2401 Marquardt
1254 2358 1302 2392 St.
1328 2358 1370 2391 V.
1395 2357 1422 2391 I.
1448 2368 1482 2401 p.
1502 2359 1567 2391 341
1594 2355 1674 2391 adn.
1692 2357 1730 2399 23

229 2428 260 2461 p.
283 2420 323 2451 16
349 2417 485 2452 adn-3.

343 2476 370 2518 5)
395 2475 488 2509 Hist.
508 2480 579 2509 nat.
605 2475 668 2509 III.
694 2475 724 2509 7.
754 2477 806 2508 10.
836 2476 890 2508 14.
919 2476 969 2507 15.
999 2475 1049 2507 18.
1075 2474 1129 2506 24.
1148 2474 1202 2506 25.
1220 2474 1274 2506 26.
1294 2474 1347 2506 28.
1371 2474 1445 2506 139.
1471 2471 1531 2505 IV.
1553 2473 1626 2505 111.
1649 2472 1722 2505 112.

232 2534 308 2568 117.
334 2532 375 2566 V.
406 2535 479 2568 120.
508 2535 571 2567 126
598 2536 663 2567 cet.

343 2590 371 2634 6)
394 2588 479 2624 ibid.
506 2589 547 2623 V.
576 2592 649 2624 105.
679 2590 755 2624 111.
782 2590 856 2623 126.

344 2646 371 2690 ⁷)
396 2646 497 2680 Verr.
521 2646 564 2680 II.
594 2649 647 2681 13.
670 2649 725 2681 32.
887 2646 915 2689 ⁸)
939 2645 983 2680 cf.
1009 2645 1103 2679 infra
1128 2655 1162 2689 p.
1180 2647 1224 2680 39
1250 2648 1284 2678 et
1309 2643 1390 2678 adn.
1407 2646 1440 2679 2.
