1928 2884
830 163 1111 204 „73-

218 285 359 336 partim
391 293 491 325 terra
522 286 668 327 eiectos
698 301 783 327 esse
813 294 979 336 constat,
1010 295 1052 327 ut
1080 301 1223 339 magna
1244 288 1459 328 multitudo
1480 289 1722 328 advenarum

217 365 297 392 uno
328 355 367 392 in
398 356 489 394 loco
520 355 724 395 domicilia
755 357 982 404 collocaret,
1015 357 1065 395 ab
1095 356 1206 396 initio
1238 370 1319 396 non
1352 358 1627 397 concedebant
1642 357 1685 408 ¹).

334 423 547 474 Reliquum
580 432 647 473 est,
682 432 723 464 ut
753 426 794 463 in
824 437 911 464 eam
940 426 1200 477 provinciam,
1233 440 1333 477 quae
1365 429 1437 466 sub
1460 426 1629 465 Claudio
1661 427 1726 465 de-

218 502 327 529 mum
357 493 524 543 imperio
555 493 792 541 addebatur,
826 494 1126 533 Britanniam
1159 495 1438 546 ingrediamur.
1501 498 1631 544 Atque
1672 494 1726 534 ibi

217 559 474 611 Londinium,
508 561 618 610 quod
650 561 758 600 hisce
789 562 928 600 diebus
960 569 1016 600 est
1053 564 1170 613 longe
1207 563 1563 613 frequentissimum
1606 571 1726 613 atque

217 627 556 678 opulentissimum
595 629 815 678 emporium
855 629 975 668 totius
1017 630 1121 669 orbis
1159 638 1370 682 terrarum,
1411 645 1495 671 esse
1534 639 1664 670 ortum
1705 644 1727 670 e

217 703 413 735 conventu
444 697 504 734 vel
536 696 624 734 vico
652 697 942 746 negotiatorum
965 699 1240 736 Romanorum
1262 699 1427 738 Tacitus
1450 707 1586 738 auctor
1608 695 1721 749 est2).

218 764 298 814 Qui
329 772 546 803 conventus
577 773 749 815 quantus
785 766 917 813 fuerit,
958 767 1210 817 perspicitur,
1251 769 1360 816 quod
1401 768 1613 807 rebellione
1653 769 1727 806 sub

216 833 375 871 Nerone
405 845 440 873 a.
463 834 512 873 61
537 845 575 882 p.
601 833 694 872 Chr.
726 847 764 871 n.
798 835 903 872 facta
934 847 957 872 a
988 833 1184 873 seditiosis
1216 836 1422 886 octoginta
1442 836 1549 874 milia
1579 836 1724 875 civium

216 903 490 940 Romanorum
513 915 597 942 esse
626 903 830 942 interfecta
859 903 1024 954 legimus
1037 901 1081 953 3).
1134 905 1238 941 Nam
1265 911 1415 942 tantam
1438 904 1726 944 multitudinem

217 970 314 1009 duas
335 971 450 1010 urbes
471 970 616 1010 civium
641 973 914 1010 Romanorum
946 970 985 1009 in
1014 971 1152 1021 insula,
1186 971 1505 1010 Camalodunum
1528 972 1724 1010 coloniam

216 1046 334 1089 atque
356 1039 628 1078 Verolamium
660 1039 932 1090 municipium,
967 1040 1070 1078 solas
1100 1039 1309 1078 incoluisse
1339 1040 1447 1079 credi
1478 1053 1558 1079 non
1585 1047 1725 1090 potest.

222 1108 300 1147 Sed
331 1120 412 1146 non
445 1108 568 1146 modo
600 1120 668 1158 per
699 1108 952 1156 Britanniam,
986 1109 1054 1146 sed
1087 1108 1203 1146 etiam
1235 1110 1334 1147 ultra
1364 1110 1461 1147 fines
1491 1109 1606 1148 huius
1637 1122 1728 1160 pro-

217 1175 372 1215 vinciae
411 1187 537 1227 usque
583 1178 635 1215 ad
680 1185 816 1227 portus
858 1176 1076 1216 Hiberniae
1121 1185 1357 1216 mercatores
1404 1178 1558 1217 venisse
1604 1179 1727 1217 altero

217 1245 346 1283 Taciti
376 1243 511 1294 10004)
545 1246 759 1284 memoriae
789 1245 991 1296 proditum
1024 1254 1093 1286 est.

332 1316 416 1352 Iam
448 1327 557 1364 vero,
599 1314 787 1364 quoniam
828 1314 921 1353 satis
962 1315 1253 1354 demonstrasse
1293 1315 1388 1354 mihi
1429 1315 1564 1354 videor
1605 1327 1729 1366 usque

218 1383 269 1421 ad
314 1390 511 1422 extremos
552 1384 739 1423 terminos
778 1383 931 1434 imperii
964 1386 1169 1423 Romanos
1210 1384 1353 1434 negotii
1391 1392 1568 1435 gerentes
1610 1397 1728 1434 pene-

217 1460 339 1491 trasse
368 1453 596 1503 nullamque
626 1453 870 1503 provinciam
903 1453 1154 1492 societatibus
1186 1465 1321 1492 eorum
1344 1453 1558 1500 vacavisse,
1591 1460 1719 1501 restat,

217 1528 259 1559 ut
289 1520 456 1560 breviter
485 1521 688 1572 attingam,
722 1534 803 1572 quo
830 1530 1020 1573 tempore,
1053 1522 1276 1572 quibusque
1297 1535 1345 1561 ex
1367 1523 1494 1561 causis
1517 1522 1724 1561 societates

218 1589 411 1628 eiusmodi
441 1591 589 1629 exitum
621 1591 839 1632 habuerint.

332 1660 464 1708 Atque
494 1659 534 1698 in
565 1672 612 1698 eo
643 1659 818 1709 quidem,
851 1660 1057 1710 quomodo
1085 1659 1339 1708 adoleverint,
1373 1659 1449 1698 iam
1483 1659 1726 1710 aliquantum

218 1726 435 1766 interfuisse
479 1727 578 1767 inter
621 1728 846 1778 provincias
896 1729 1049 1779 imperii
1099 1742 1170 1779 pro
1215 1728 1453 1767 habitatione
1497 1729 1726 1776 incolarum,

218 1806 309 1834 cum
350 1805 472 1834 terrae
508 1809 531 1834 a
571 1797 764 1835 Romanis
803 1805 1108 1848 occuparentur,
1156 1811 1178 1836 a
1226 1797 1341 1836 nobis
1381 1798 1617 1848 explicatum
1655 1806 1725 1837 est.

218 1864 399 1903 Eandem
431 1866 484 1903 ob
515 1877 675 1905 causam
698 1866 777 1904 alio
799 1867 923 1905 modo
951 1867 1158 1905 societates
1182 1866 1366 1914 Orientis,
1398 1866 1474 1904 alio
1498 1866 1726 1906 Occidentis

218 1933 461 1974 desinebant.
513 1935 618 1973 Nam
649 1934 687 1973 in
719 1936 793 1973 hac
824 1942 933 1985 parte
963 1935 1127 1986 imperii,
1160 1935 1227 1974 ubi
1258 1943 1474 1974 conventus
1505 1948 1574 1985 per
1602 1948 1726 1986 pagos

216 2002 407 2052 vicosque
436 2002 711 2054 indigenarum
743 2003 944 2043 constituti
966 1990 1074 2042 brevi
1097 2004 1172 2042 vici
1193 2005 1255 2042 vel
1277 2004 1387 2054 quasi
1409 2003 1557 2054 oppida
1579 2003 1724 2043 civium

217 2071 493 2110 Romanorum
525 2072 693 2121 fiebant,
736 2072 898 2111 diversis
929 2073 1194 2124 temporibus,
1236 2073 1472 2122 simulatque
1510 2074 1607 2112 haec
1646 2072 1727 2111 iure

217 2139 399 2178 coloniae
436 2140 587 2180 donata
625 2148 751 2189 erant,
796 2141 1145 2192 congregationum
1194 2141 1346 2180 illarum
1394 2148 1475 2180 erat
1518 2142 1618 2182 finis.
1680 2143 1727 2180 In

218 2207 379 2247 Oriente
409 2216 561 2258 autem,
604 2210 665 2247 vel
696 2209 938 2260 ubicumque
975 2210 1181 2249 societates
1218 2212 1491 2249 Romanorum
1523 2217 1726 2260 tamquam

218 2276 358 2314 alteras
403 2277 646 2328 respublicas
691 2277 731 2316 in
772 2278 934 2317 urbibus
971 2279 1183 2329 peregrinis
1223 2280 1451 2326 effecerant,
1500 2280 1728 2318 Caracallae

219 2344 365 2395 edicto,
399 2357 480 2395 quo
513 2346 697 2385 omnibus
728 2346 906 2396 ingenuis
928 2347 1154 2385 hominibus
1185 2347 1334 2397 imperii
1357 2347 1557 2387 civitatem
1578 2351 1728 2387 Roma-

219 2426 311 2451 nam
342 2412 463 2462 dedit,
496 2422 713 2453 conventus
736 2415 880 2453 civium
902 2418 1174 2454 Romanorum
1208 2417 1349 2454 sublati
1378 2416 1454 2455 sint
1475 2430 1635 2456 necesse
1655 2425 1724 2456 est.

219 2483 361 2532 Neque
390 2481 496 2521 enim
528 2484 649 2521 ullum
681 2482 740 2522 ius
770 2483 1025 2534 praecipuum
1056 2485 1212 2534 ullaque
1242 2484 1455 2536 privilegia,
1489 2493 1726 2536 quapropter

337 2640 364 2681 1)
390 2638 590 2673 Mommsen
614 2637 680 2673 RG
709 2638 737 2673 V
761 2649 794 2683 p.
817 2639 890 2674 179.
1144 2639 1173 2679 2)
1204 2639 1288 2674 Tac.
1316 2641 1408 2675 Ann.
1435 2640 1520 2675 XIV
1546 2642 1600 2676 33.
1625 2643 1658 2676 3.

332 2695 361 2742 3)
388 2695 565 2739 Xiphilini
593 2706 646 2741 ep.
673 2695 777 2730 Dion.
805 2696 901 2730 Cass.
930 2699 983 2732 62.
1014 2700 1041 2731 1.
1142 2700 1171 2740 ⁴)
1199 2697 1282 2731 Tac.
1310 2697 1467 2741 Agricol.
1496 2700 1550 2732 24.
1579 2700 1701 2733 8-10,
