1928 2884
791 123 1072 162 -23-

182 248 407 295 introibant,
439 247 478 285 in
509 245 659 284 indices
690 244 895 291 rettulisse,
928 244 1115 294 pecunias
1138 244 1310 295 denique
1341 244 1372 283 si
1395 258 1484 283 arca
1510 255 1689 283 commu-

182 318 242 355 nis
279 323 375 363 erat,
425 327 676 365 procurasse,
725 313 834 362 quod
874 325 1017 351 munus
1057 313 1322 364 Mogontiaci,
1367 321 1408 352 ut
1450 313 1686 360 videbimus,

181 393 365 434 quaestor
395 384 594 422 societatis
625 382 865 432 suscipiebat
880 380 923 430 ¹).
987 382 1199 430 Quaeritur
1229 389 1377 432 autem,
1416 389 1545 420 utrum
1580 393 1689 420 cura-

181 461 242 491 tor
272 453 334 491 ille
363 466 385 491 a
417 452 535 491 sociis
567 451 661 501 ipsis
694 450 767 489 sibi
801 449 1046 500 praepositus
1078 451 1138 498 sit,
1171 464 1220 489 an
1251 451 1330 489 hoc
1351 462 1494 488 munus
1525 462 1548 487 a
1578 463 1687 500 prae·

180 528 263 559 tore
292 521 519 571 provinciae
551 520 781 557 mandatum
813 531 896 557 esse
926 525 1119 568 putemus.
1174 521 1268 557 Hoc
1298 518 1403 557 enim
1433 520 1686 558 statuendum

181 602 264 627 esse
295 586 464 638 Morel2)
496 589 654 639 quidem
688 596 833 635 censet,
866 589 1030 627 fortasse
1061 601 1108 627 eo
1140 590 1275 634 modo,
1308 596 1350 627 ut
1379 588 1486 627 cives
1516 586 1690 627 Romani

181 650 297 707 eum‚'
323 657 389 707 qui
421 657 493 695 sibi
530 656 742 706 placuerit,
790 658 1167 696 commendaverint.
1232 659 1353 707 Quod
1394 658 1500 695 nulla
1536 657 1688 696 ratione

180 715 346 776 probare
377 737 557 775 possum,
589 726 658 763 sed
689 738 713 763 a
744 725 859 764 sociis
891 727 1036 765 electos
1067 740 1152 765 esse
1183 726 1431 777 magistratus
1463 738 1554 765 suos
1585 725 1688 764 arbi-

179 803 269 842 tror,
302 795 369 844 qui
399 807 485 832 mos
515 801 596 832 erat
625 794 731 843 apud
763 794 900 832 omnia
931 794 1095 845 collegia
1124 793 1332 845 imperii3).

293 862 465 912 Dignum
498 870 652 909 autern³
693 863 802 912 quod
843 864 920 901 hoc
963 864 1054 902 loco
1088 875 1467 910 commemoremus,
1509 861 1605 900 mihi
1645 861 1686 899 id

178 945 262 970 esse
293 931 464 981 videtur,
507 932 615 980 quod
648 944 762 980 saepe
794 939 1015 970 curatorem
1047 932 1152 970 cives
1184 931 1356 971 Romani
1390 931 1551 970 fecerint
1582 943 1684 978 eum,

179 999 245 1049 qui
275 1013 323 1037 ex
353 999 653 1049 provincialium
687 1001 784 1038 urbe
815 1007 880 1038 aut
912 1000 1081 1050 civitate,
1114 1001 1181 1039 ubi
1203 1007 1419 1039 conventus
1442 1008 1534 1044 erat,
1566 1006 1684 1045 ortus,

179 1069 312 1106 nescio
349 1079 430 1117 quo
468 1074 584 1117 pacto
625 1075 691 1106 aut
731 1068 853 1106 nobili
893 1081 1035 1118 genere
1071 1076 1207 1116 natus,
1249 1076 1314 1106 aut
1355 1080 1509 1107 summa
1547 1067 1686 1106 virtute

178 1136 376 1186 praeditus
418 1134 614 1174 civitatem
653 1139 882 1174 Romanam
929 1146 1130 1176 assecutus
1176 1145 1269 1178 erat.
1340 1138 1536 1176 Trallibus
1580 1136 1683 1175 enim

178 1211 258 1243 erat
296 1210 449 1242 curator
487 1203 549 1242 Ti.
592 1204 780 1242 Claudius
820 1206 1054 1255 Pannychos
1069 1203 1123 1255 4),
1175 1206 1242 1256 qui
1291 1206 1421 1244 multis
1467 1205 1684 1244 honoribus

176 1272 283 1311 urbis
315 1284 406 1310 suae
436 1274 661 1321 perfunctus
693 1281 794 1320 erat,
835 1274 1022 1324 idemque
1054 1275 1233 1313 videmus
1276 1275 1325 1313 de
1357 1275 1602 1313 curatoribus
1642 1275 1683 1313 in

179 1341 451 1379 Helvetiorum
483 1349 520 1379 et
553 1343 771 1380 Santonum
805 1342 1027 1381 civitatibus
1065 1350 1185 1393 atque
1223 1344 1272 1381 de
1303 1343 1466 1381 summis
1497 1342 1684 1381 curatori·
1711 1393 1714 1396 ι

177 1410 250 1447 bus
282 1409 435 1448 Galliae
457 1409 757 1459 Lugudunensis
788 1417 826 1448 et
847 1410 1093 1460 Aquitaniae.
1147 1413 1241 1450 Hoc
1272 1410 1391 1449 fuisse
1421 1410 1562 1461 opinor
1593 1423 1682 1460 pru-

177 1477 331 1516 dentiae
361 1477 506 1515 civium
536 1480 809 1516 Romanorum
840 1478 894 1517 ibi
926 1480 1236 1528 consistentium,
1270 1479 1364 1530 quia
1393 1479 1589 1518 eiusmodi
1627 1479 1684 1517 vir

177 1557 337 1584 suorum
369 1545 543 1584 eiusdem
577 1545 668 1584 iuris
708 1546 907 1585 sociorum
938 1560 1076 1586 causas
1108 1560 1198 1586 cum
1231 1549 1326 1587 urbe
1359 1547 1570 1586 civitateve
1600 1559 1682 1591 sua,

178 1612 217 1651 in
248 1625 326 1662 qua
356 1614 410 1651 illi
441 1614 684 1662 habitabant,
718 1616 866 1664 optime
897 1629 1010 1666 agere
1042 1616 1182 1666 potuit.

290 1683 446 1720 Praeter
476 1690 693 1720 curatorem
716 1676 912 1722 Trallibus
943 1683 1061 1722 etiam
1096 1684 1294 1723 societatis
1317 1683 1446 1722 scriba
1476 1682 1684 1736 (γραμμα-

178 1746 286 1798 τεύς)
329 1750 443 1789 nobis
481 1748 711 1797 occurrit5),
753 1751 821 1800 qui
861 1751 966 1790 idern
1007 1764 1149 1790 munus
1189 1753 1296 1802 apud
1338 1751 1542 1791 societates
1584 1754 1682 1792 duas

178 1818 417 1865 Trallianas,
459 1831 561 1868 quae
602 1819 909 1859 nominabantur
959 1820 1007 1874 »ἡ
1052 1819 1338 1874 φιλοσεβάστη
1379 1819 1602 1874 γερουσίαα
1645 1829 1682 1861 et

179 1884 240 1923 »οἱ
271 1883 567 1938 φιλοσέβαστοι
600 1884 707 1925 νέοια
752 1889 1093 1928 administraverat
1123 1897 1240 1940 atque
1279 1889 1318 1928 in
1349 1891 1445 1928 urbe
1474 1889 1576 1940 ipsa,
1615 1889 1681 1929 ubi

175 1967 312 1993 omnes
343 1955 591 2006 magistratus
621 1965 801 2006 gesserat.

288 2025 373 2061 Has
404 2031 534 2062 autem
566 2026 771 2064 societates
802 2034 989 2075 patronos
1022 2026 1127 2077 ipsas
1151 2039 1303 2065 creasse
1325 2027 1505 2065 conicere
1534 2027 1678 2078 liceret,

174 2090 323 2129 etiamsi
355 2093 460 2130 nulla
490 2093 602 2131 huius
634 2094 688 2131 rei
720 2096 900 2144 exempla
939 2094 1053 2133 nobis
1092 2102 1241 2142 essent,
1284 2095 1376 2145 quia
1416 2095 1480 2133 hic
1511 2107 1599 2133 mos
1639 2096 1679 2133 in

174 2160 336 2209 imperio
369 2163 554 2199 Romano
586 2162 770 2200 latissime
800 2164 958 2212 patebat
990 2176 1207 2214 omnesque
1237 2165 1365 2214 urbes,
1399 2164 1585 2210 civitates,
1619 2176 1678 2201 so-

174 2228 352 2276 cietates‚
395 2230 560 2279 collegia
601 2238 786 2279 patronos
824 2232 1033 2273 habebant.
1095 2233 1233 2270 Trium
1273 2240 1404 2270 autem
1446 2231 1676 2270 societatum

287 2362 314 2406 1)
341 2361 554 2406 Brambach,
581 2362 685 2396 CIRh
711 2366 778 2399 956
804 2365 898 2408 (app.
924 2375 957 2398 n.
979 2366 1066 2407 119).

287 2418 314 2459 2)
339 2417 454 2452 Morel
479 2419 500 2452 l.
527 2418 548 2453 l.
574 2429 608 2462 p.
628 2422 669 2454 41
692 2430 742 2463 sq.

287 2475 315 2518 3)
341 2474 384 2509 cf.
410 2475 615 2518 Liebenam,
640 2475 741 2511 R'om.
768 2477 1042 2511 Vereinswesen
1065 2487 1099 2520 p.
1123 2479 1196 2512 199.

285 2533 314 2574 4)
340 2531 437 2566 CIGr
461 2535 551 2567 2930
575 2534 670 2576 (app.
697 2544 730 2567 n.
749 2534 815 2577 70).

287 2589 315 2630 ⁵)
343 2588 504 2633 Sterrett,
530 2588 666 2633 Papers
692 2590 708 2624 I
732 2601 767 2634 p.
789 2593 852 2626 108
876 2601 909 2624 n.
927 2590 969 2625 X.
1015 2590 1158 2626 Mitteil.
1184 2590 1216 2625 d.
1243 2589 1441 2626 deutschen
1467 2591 1672 2635 archaolog.

172 2643 335 2678 Instituts
361 2645 397 2678 in
424 2646 541 2680 Athen
569 2646 654 2680 VIII
678 2658 711 2691 p.
730 2650 797 2682 328
815 2659 866 2692 sq.
892 2649 987 2692 (app.
1014 2659 1046 2682 n.
1067 2650 1133 2692 73).
