1928 2884
812 121 1090 160 -56-

194 234 302 275 latini
332 237 504 276 nominis
535 239 649 289 primi
679 241 720 279 in
750 243 870 282 Delo
901 243 1059 284 insula
1086 247 1344 287 considebant
1375 262 1590 301 eorumque
1621 253 1701 291 col-

193 303 338 355 legium
369 313 519 355 praeter
550 315 678 347 cetera
708 311 849 359 floruit,
882 321 925 351 ut
955 313 994 351 in
1024 327 1071 353 eo
1094 316 1384 356 considerando
1406 320 1608 368 paululum
1633 333 1700 359 no-

194 372 254 411 bis
285 374 578 414 subsistendum
610 390 694 416 esse
731 380 920 419 videatur.
982 384 1122 421 Nullus
1163 384 1265 423 enim
1308 387 1417 425 locus
1460 395 1700 428 mercaturae

194 453 285 480 cum
317 442 487 482 Orientis
517 445 693 494 partibus
731 448 934 487 faciendae
972 451 1099 500 aptior
1139 460 1240 500 erat,
1280 466 1400 503 quam
1441 456 1539 494 haec
1577 470 1700 507 parva

193 509 339 559 insula,
382 523 484 562 quae
520 512 617 552 inter
647 516 847 566 Europam
890 526 926 555 et
958 518 1095 556 Asiam
1134 521 1208 558 sita
1239 523 1460 573 emporium
1493 525 1697 573 quoddam

193 580 387 619 mercibus
417 582 469 620 ab
499 583 618 621 altera
648 590 747 622 terra
767 586 818 623 ad
839 587 1002 625 alteram
1035 590 1346 639 transportandis
1368 592 1448 630 fieri
1470 592 1696 644 debebat1).

192 642 559 699 Et'perspiciebant
590 652 688 690 haec
718 652 842 691 Italici
873 666 1032 704 quoque
1063 666 1320 707 mercatores,
1361 660 1426 709 qui
1458 663 1576 711 paulo
1607 671 1699 713 post

192 716 337 753 bellum
371 728 461 754 cum
494 717 693 757 Antiocho
723 727 876 769 gestum
909 722 962 760 ibi
993 723 1196 763 domicilia
1229 727 1491 769 collocabant.
1544 732 1604 769 Ex
1633 731 1693 770 his

191 783 296 822 enim
327 785 568 834 temporibus
598 798 721 837 usque
751 790 803 827 ad
839 790 993 829 tertium
1025 793 1172 832 bellum
1204 796 1510 835 Macedonicum
1552 798 1698 838 inveni-

192 864 278 890 mus
309 852 388 891 iam
418 853 570 905 singula
600 856 763 895 nomina
784 859 1057 898 Romanorum
1089 869 1155 900 aut
1184 863 1411 903 Italicorum
1441 865 1480 904 in
1512 867 1634 906 titulis
1646 865 1692 918 2).

191 921 304 970 Quos
335 922 557 962 constitisse
587 924 627 963 in
657 924 786 964 insula
816 928 943 966 elucet
974 929 1089 978 inde,
1131 933 1240 980 quod
1271 934 1408 973 eadem
1441 936 1604 976 nomina
1635 938 1694 977 di-

192 990 312 1029 versis
347 992 590 1042 temporibus
629 1003 849 1034 occurrunt.
912 998 1039 1036 Multo
1081 1007 1212 1038 autem
1253 1002 1414 1041 celerius
1451 1018 1511 1043 res
1550 1019 1695 1045 cresce-

190 1060 286 1097 bant
315 1067 405 1109 post
435 1061 582 1099 bellum
614 1063 923 1103 Macedonicum
956 1067 1130 1115 tertium,
1163 1080 1243 1118 quo
1274 1072 1454 1111 confecto
1485 1072 1524 1111 in
1555 1074 1693 1124 insula,

191 1128 496 1168 Atheniensibus
527 1130 730 1169 Deliorum
769 1133 951 1172 hostibus
993 1147 1070 1173 una
1110 1149 1200 1175 cum
1244 1139 1425 1179 Haliarto
1465 1148 1503 1180 et
1540 1144 1693 1183 Lemno

190 1195 393 1247 traditass),
434 1206 570 1247 portus
610 1200 794 1239 omnibus
836 1203 1091 1254 vectigalibus
1132 1215 1337 1257 exemptus
1381 1210 1631 1251 condebatur
1670 1226 1694 1251 a

190 1265 403 1314 Romanis,
446 1268 556 1316 quod
587 1268 769 1318 precibus
800 1270 1026 1310 Italicorum
1059 1273 1137 1311 iam
1168 1274 1208 1313 in
1239 1289 1285 1314 ea
1315 1277 1579 1318 habitantium
1610 1294 1690 1331 per·

191 1341 322 1372 motos
354 1335 442 1374 illos
475 1336 611 1375 fecisse
639 1336 874 1389 Homolle4)
906 1341 1099 1390 opinatur,
1132 1351 1174 1381 ut
1205 1345 1299 1384 mihi
1331 1347 1491 1396 quidem
1523 1349 1689 1398 videtur,

190 1401 342 1452 optimo
373 1402 466 1453 iure,
499 1406 723 1454 praesertim
757 1419 846 1445 cum
870 1421 916 1447 ea
938 1422 978 1448 re
1000 1411 1248 1451 Rhodiorum
1272 1416 1552 1456 commercium
1575 1420 1691 1459 valde

189 1471 330 1509 florens
361 1471 490 1510 subito
521 1473 760 1512 exstinctum
793 1474 897 1526 sit5).
958 1479 1089 1528 Atque
1130 1480 1246 1519 etiam
1288 1482 1497 1532 Corintho,
1541 1487 1691 1537 oppido

187 1538 325 1577 harum
374 1539 576 1591 regionum
627 1542 945 1593 opulentissimo,
998 1559 1034 1584 a.
1088 1547 1273 1598 608s146
1326 1551 1455 1591 deleta
1511 1555 1691 1596 homines

304 1733 330 1774 ¹)
357 1731 484 1767 Strabo
510 1732 542 1766 X
569 1736 600 1768 5.
625 1736 646 1767 4
672 1733 776 1769 dicit:
816 1736 873 1768 »ἐν
898 1737 994 1782 καλῷ
1018 1738 1093 1783 γὰρ
1125 1740 1241 1773 κεῖται
1274 1742 1348 1780 τοῖς
1389 1743 1426 1776 ἐκ
1459 1746 1522 1789 τῆς
1543 1742 1689 1784 Ἰταλίας

189 1790 241 1821 καὶ
266 1790 329 1832 τῆς
352 1786 516 1828 Ἑλλάδος
542 1788 593 1829 εἰς
618 1792 682 1836 τὴν
706 1791 819 1826 Ἀσίαν
847 1793 1026 1829 πλέουσιν.

300 1845 328 1889 2)
354 1845 396 1880 cf.
423 1845 604 1892 Homolle,
637 1848 712 1882 Les
737 1849 926 1885 Romains
952 1852 973 1885 ἁ
1000 1853 1115 1887 Delos
1140 1854 1175 1888 in
1204 1855 1296 1890 Bull.
1320 1856 1362 1891 de
1389 1868 1458 1892 cor.
1484 1858 1577 1894 Hell.
1603 1860 1688 1895 VIII

186 1913 219 1946 p.
245 1903 421 1946 75-158,
459 1903 519 1937 ubi
553 1904 659 1939 etiam
692 1916 876 1951 perpauca
908 1910 1050 1944 nomina
1085 1922 1128 1945 ex
1162 1918 1280 1948 aetate
1318 1920 1400 1950 ante
1442 1916 1571 1951 bellum
1607 1929 1687 1952 cum

187 1959 365 1994 Antiocho
392 1966 529 2004 gestum
556 1962 756 1998 afferuntur
780 1965 828 2009 (p.
854 1968 926 2010 83):
961 1978 1041 2001 nam
1067 1969 1156 2004 haec
1183 1971 1291 2005 verba
1322 1972 1408 2007 facit
1440 1974 1493 2007 vir·
1523 1974 1686 2010 doctissi-

185 2027 279 2051 mus:
310 2017 380 2051 »les
405 2025 579 2053 com-ants
605 2023 874 2056 commerciccux
894 2032 1055 2069 pez-went
1080 2027 1152 2061 dere
1173 2028 1374 2074 pre'cipz'te's
1393 2042 1473 2075 par
1499 2032 1563 2066 des
1587 2032 1686 2067 re'vo-

186 2074 320 2108 latiores
345 2075 560 2120 politiques,
597 2079 694 2112 mais
725 2079 769 2113 ils
800 2086 882 2114 sont
916 2082 1131 2118 determines
1166 2084 1189 2117 ὰ
1221 2086 1300 2119 leur
1333 2088 1473 2132 oriyz'ne
1505 2100 1584 2133 par
1615 2102 1686 2124 zme

180 2136 291 2175 pente
316 2132 496 2166 natureae
521 2138 553 2166 et
579 2147 629 2168 zm
654 2144 884 2172 mouvement
907 2141 1121 2185 spontane‘ss
1164 2142 1327 2177 Homolle
1353 2144 1421 2178 hac
1441 2145 1683 2189 disputatione

185 2187 314 2231 omnia,
340 2197 431 2231 quae
457 2188 500 2223 de
525 2191 696 2226 societate
715 2193 866 2228 Deliaca
890 2206 933 2229 ex
952 2196 1078 2242 titulis,
1105 2198 1165 2241 qui
1184 2200 1351 2242 permulti
1370 2211 1391 2235 a
1410 2201 1683 2240 Franco-Gallis

185 2244 278 2278 eruti
303 2250 401 2289 sunt,
432 2245 571 2280 hauriri
596 2255 762 2294 possunt,
796 2253 1083 2294 praeclarissime
1110 2255 1271 2300 collegit,
1307 2262 1345 2291 ut
1378 2259 1407 2292 si
1439 2260 1519 2303 quis
1553 2261 1595 2296 de
1626 2262 1683 2297 his

183 2301 290 2336 rebus
316 2301 471 2336 scribere
497 2303 534 2336 in
560 2304 676 2339 animo
702 2306 828 2352 habet,
855 2319 934 2343 eum
961 2312 1061 2354 sequi
1088 2318 1232 2347 coactus
1259 2313 1321 2358 sit,
1348 2315 1444 2350 velut
1469 2326 1577 2361 saepe
1603 2318 1681 2354 Val.

183 2357 226 2392 de
260 2357 442 2393 Schoeffer
472 2359 508 2393 in
540 2360 665 2395 ultima
697 2368 799 2406 parte
832 2364 930 2409 libri,
966 2367 1026 2410 qui
1058 2367 1265 2403 inscribitur
1306 2371 1385 2405 »De
1418 2372 1506 2407 Deli
1538 2375 1682 2410 insulae

182 2415 320 2450 rebus«.
369 2416 486 2450 Berol.
516 2419 612 2453 1888.

296 2473 324 2517 3)
349 2472 496 2508 Falsum
529 2479 593 2519 est,
626 2476 721 2520 quod
746 2477 914 2514 Valerius
944 2481 1073 2517 Antias
1105 2484 1200 2527 apud
1232 2484 1307 2518 Liv.
1333 2488 1387 2521 33.
1414 2490 1459 2522 30
1489 2490 1680 2526 memoriae

183 2531 348 2575 tradidit,
374 2531 454 2567 vide
480 2532 601 2578 Polyb.
629 2538 683 2570 30.
712 2539 752 2571 18
778 2537 954 2579 (Homolle
980 2550 1013 2583 p.
1031 2543 1093 2585 843
1121 2541 1303 2576 Schoeffer
1329 2554 1361 2587 p.
1384 2547 1447 2580 182
1466 2549 1546 2590 sq.).

294 2591 325 2631 4)
349 2589 512 2625 Homolle
538 2603 570 2635 p.
588 2595 641 2627 91.

296 2647 323 2689 τ’)
350 2646 471 2692 Polyb.
498 2651 551 2683 31.
579 2652 608 2685 7.
638 2654 779 2686 10-12.
