1928 2884
799 138 1078 179 „62-

187 263 408 302 confirmari
440 262 536 301 mihi
567 261 754 301 videatur.
809 263 889 301 Sed
920 275 968 301 ex
999 275 1046 301 ea
1075 262 1160 312 ipsa
1186 262 1351 310 ratione,
1383 274 1463 312 qua
1485 261 1695 313 collegium

186 331 413 370 Italicorum
445 331 638 369 cultorum
661 330 845 369 Mercurii
875 330 1067 380 posterius
1099 331 1260 369 demum
1292 337 1451 369 auctum
1480 329 1697 369 cultoribus

188 399 383 449 Apollinis
414 406 533 448 atque
565 398 741 448 Neptuni
772 411 818 437 ex
854 398 992 437 Italiae
1022 397 1183 437 urbibus
1214 399 1363 449 graecis
1404 398 1499 437 ortis
1531 399 1698 437 societa-

187 476 267 507 tem
297 467 632 518 graeco-italicam
663 468 809 505 factum
840 479 923 506 esse
954 467 1246 517 perspeximus,
1280 467 1428 517 optime
1459 468 1698 517 comproba-

187 544 248 575 tur
279 537 365 574 illos
397 537 571 574 Graecos
602 547 731 585 neque
760 535 921 573 nomine
952 535 1178 573 Italicorum
1218 535 1521 585 comprehendi,
1569 547 1698 586 neque

188 605 330 642 horum
364 603 734 654 congregationibus
762 603 975 650 contineri,
1016 603 1249 653 priusquam
1282 611 1364 642 tota
1395 603 1507 642 Italia
1538 603 1698 642 civitate

190 674 375 711 Romana
405 673 555 711 donata
585 679 656 710 est,

305 742 511 789 Quatenus
542 747 674 777 autem
706 739 873 790 collegia
908 739 1015 777 varia
1045 746 1310 777 mercatorum
1348 740 1523 789 undique
1555 741 1699 779 Delum

189 807 485 857 confluentium,
507 807 715 857 praecipue
736 808 902 846 societas
923 808 1164 854 Italicorum,
1187 807 1336 845 insulae
1356 807 1694 846 administrandae

188 877 383 927 particeps
415 875 539 923 fuerit,
572 887 817 925 quamquam
847 884 907 914 tot
937 875 1069 913 titulos
1092 875 1268 914 deliacos
1291 883 1462 914 servatos
1484 877 1695 923 habemus,

189 952 320 982 tamen
351 943 498 981 nullam
529 955 629 989 rem,
669 954 771 991 quae
800 955 848 980 eo
880 949 1048 992 spectet,
1092 942 1183 980 satis
1214 951 1457 992 compertam
1490 945 1694 983 habemus.

191 1013 354 1051 Summa
383 1023 510 1049 rerum
542 1023 660 1060 penes
683 1010 981 1049 Atheniensium
1005 1010 1254 1060 magistratus
1285 1011 1403 1050 fuisse
1424 1013 1590 1064 videtur,
1623 1013 1695 1051 etsi

189 1082 230 1119 in
260 1080 444 1119 omnibus
475 1081 602 1127 rebus,
635 1091 736 1129 quae
766 1079 927 1128 quidem
959 1080 1010 1117 ad
1032 1087 1291 1118 mercaturam
1313 1081 1560 1131 pertinerent,
1594 1081 1692 1131 quid

189 1151 362 1200 placeret
393 1147 588 1198 collegiis,
630 1147 868 1197 exquisitum
909 1160 993 1186 esse
1031 1147 1239 1186 verisimile
1278 1147 1390 1199 est¹).
1451 1151 1696 1188 Permultum

190 1217 294 1256 enim
327 1216 584 1255 Athenienses
615 1216 668 1253 ad
697 1215 986 1254 aedificandum
1020 1223 1137 1266 atque
1168 1217 1422 1255 reficiendum
1454 1225 1614 1268 portum
1644 1219 1698 1256 fa-

191 1285 348 1324 ciebant
379 1284 500 1334 idque
529 1285 693 1322 fortasse
720 1285 888 1334 permoti
918 1292 1036 1335 atque
1057 1284 1220 1323 adducti
1251 1298 1274 1323 a
1294 1286 1577 1325 mercatoribus
1611 1286 1702 1334 illis,

191 1366 292 1404 quos
322 1366 371 1392 ex
403 1353 547 1392 divitiis
578 1353 655 1391 suis
685 1353 802 1392 etiam
823 1354 1024 1403 pecunias,
1058 1361 1099 1394 ut
1121 1361 1299 1403 sumptus
1322 1354 1499 1393 sustineri
1522 1363 1696 1404 possent,

192 1422 394 1462 addidisse
423 1431 623 1472 putemus,
657 1421 880 1471 praesertim
913 1433 1002 1460 cum
1035 1422 1167 1472 iivipsi
1200 1422 1394 1460 maximos
1425 1423 1572 1461 fructus
1604 1423 1701 1462 inde

192 1490 449 1540 perceperint.

308 1559 385 1597 Sed
416 1571 521 1596 anno
553 1556 711 1607 6436]ssss
743 1564 861 1607 atque
893 1557 1033 1595 iterum
1065 1570 1169 1596 anno
1202 1557 1358 1603 685s69
1399 1559 1526 1596 insula
1556 1559 1701 1597 floren-

192 1627 343 1666 tissima
383 1634 501 1676 atque
541 1626 837 1677 opulentissima
877 1625 1106 1664 crudelitate
1138 1626 1376 1665 Mithridatis
1415 1627 1592 1666 funditus
1635 1627 1706 1666 de-

193 1681 266 1734 leta
289 1703 359 1733 est.
410 1696 482 1733 Illo
513 1707 617 1732 anno
640 1695 798 1744 666s88
822 1694 959 1745 viginti
980 1694 1088 1732 milia
1109 1694 1327 1745 hominum,
1362 1708 1505 1746 magna
1527 1708 1575 1733 ex
1595 1704 1704 1744 parte

194 1764 441 1812 Italicorum,
484 1764 523 1802 in
565 1764 690 1802 insula
729 1763 850 1801 vitam
882 1763 1058 1802 amisisse
1087 1763 1290 1813 proditum
1330 1772 1410 1810 est,
1454 1774 1533 1813 qua
1572 1775 1619 1802 ex
1664 1775 1704 1801 re

193 1833 307 1871 facile
339 1833 600 1879 concluditur,
633 1840 784 1882 quanta
816 1832 1064 1871 multitudine
1094 1833 1192 1871 haec
1233 1832 1400 1870 societas
1442 1840 1535 1870 tunc
1577 1831 1704 1870 fuerit.

194 1901 272 1939 Vix
302 1913 416 1952 aegre
446 1908 565 1950 atque
595 1901 878 1951 pedetemptim
910 1909 1085 1940 recreata
1108 1909 1190 1939 erat
1211 1901 1543 1949 convalueratque
1564 1913 1611 1939 ex
1639 1899 1706 1938 illa

194 1969 321 2019 prima
351 1969 589 2018 calamitate,
623 1970 735 2008 cuius
766 1971 819 2009 rei
853 1970 1080 2009 testimonia
1111 1984 1159 2008 ex
1191 1969 1309 2008 titulis
1342 1976 1564 2009 sumuntur:
1615 1981 1704 2007 cum

194 2037 501 2089 depopulatione
539 2038 632 2077 anni
671 2040 828 2083 685s69
870 2039 1023 2078 insulae
1065 2046 1282 2078 mercatura
1319 2038 1358 2076 in
1399 2045 1600 2076 aeternum
1639 2049 1703 2076 ex·

194 2107 337 2146 stincta
366 2114 436 2146 est.
489 2107 670 2155 Accedit,
706 2107 816 2157 quod
846 2115 1084 2146 mercatores
1116 2120 1164 2145 ex
1194 2107 1354 2145 Oriente
1384 2106 1548 2156 profecti
1577 2106 1704 2157 magis

197 2175 400 2225 magisque
431 2188 521 2213 cum
554 2175 748 2214 mercibus
781 2175 859 2214 suis
890 2184 997 2214 recta
1028 2175 1090 2214 via
1120 2176 1171 2214 ad
1199 2182 1334 2225 portus
1355 2175 1501 2222 Italiae,
1533 2174 1707 2212 maxime

197 2244 393 2293 Puteolos,
426 2243 567 2292 quibus
603 2257 749 2282 nomen
782 2245 870 2282 Deli
912 2257 1055 2293 parvae
1097 2245 1232 2282 datum
1272 2251 1353 2288 est,
1396 2251 1516 2292 atque
1547 2243 1702 2282 Ostiam

197 2313 448 2363 navigabant,
480 2320 522 2350 ut
552 2313 730 2362 emporio
761 2314 899 2362 procul
939 2313 979 2350 in
1012 2315 1170 2362 Aegaeo
1203 2312 1300 2349 mari
1340 2311 1414 2349 sito
1455 2310 1599 2349 diutius
1639 2323 1703 2349 ne-

198 2393 274 2431 que
304 2388 471 2431 egerent,
503 2392 633 2430 neque
663 2388 872 2419 uterentur.
934 2383 1150 2430 Postquam
1191 2380 1306 2430 igitur
1336 2380 1479 2429 synodi
1511 2387 1706 2418 mercato-

198 2462 284 2489 rum
315 2449 560 2488 orientalium
592 2449 670 2486 iam
700 2449 808 2498 prius
839 2450 1016 2487 sublatae
1048 2457 1159 2495 sunt,
1204 2447 1372 2486 societas
1410 2459 1570 2497 quoque
1599 2447 1704 2485 Itali—

198 2530 334 2557 corum
371 2518 410 2556 in
449 2519 575 2556 insula
605 2517 791 2567 paulatim
831 2529 995 2555 numero
1026 2517 1295 2563 minuebatur,
1341 2516 1567 2565 praesertim
1610 2527 1702 2554 cum

313 2666 341 2708 ¹)
368 2661 550 2697 Schoeffer
574 2662 595 2695 l.
622 2661 643 2695 1.
670 2673 703 2706 p.
725 2664 798 2696 196.
