1907 2905
885 403 990 453 III.

302 564 386 600 Iam
419 562 528 611 quod
557 561 670 600 tertio
701 562 789 599 loco
821 560 1020 610 disputare
1050 561 1089 599 in
1113 561 1246 600 animo
1266 563 1469 611 habemus,
1501 563 1567 601 ubi
1590 577 1682 602 con—

188 631 432 681 gregationes
464 629 607 668 civium
629 631 901 667 Romanorum
923 629 1070 678 primae
1100 637 1207 667 ortae
1237 630 1324 678 sint,
1357 642 1476 680 quam
1506 633 1581 670 late
1611 645 1681 682 per

190 698 362 749 singulas
392 697 614 747 provincias
645 698 810 735 diffusae
842 697 938 742 sint,
979 709 1080 746 quae
1110 698 1249 737 fuerint
1280 712 1442 747 causae,
1475 712 1543 738 cur
1573 701 1682 739 tolle-

188 774 339 805 rentur:
371 765 423 804 ab
454 778 523 812 eo,
557 766 665 814 quod
696 766 818 803 modo
849 765 1124 815 exposuimus,
1164 767 1214 804 ab
1245 766 1307 804 illa
1338 767 1487 806 scilicet
1519 780 1681 806 consue-

188 834 323 872 tudine
353 836 637 884 Romanorum,
677 846 755 883 qua
785 834 824 872 in
856 834 1038 872 omnibus
1070 834 1305 882 foederibus,
1337 847 1438 883 quae
1468 847 1558 873 cum
1590 836 1683 874 civi-

187 901 332 940 tatibus
362 902 574 952 peregrinis
605 910 671 940 aut
703 902 743 940 in
774 902 992 940 amicorum
1029 914 1235 941 numerum
1273 904 1436 953 receptis
1473 912 1540 942 aut
1572 916 1684 954 supe-

188 969 278 1008 ratis
308 969 472 1020 inibant,
504 971 692 1008 nonnulla
723 970 936 1008 commoda
966 983 1014 1008 ac
1045 969 1246 1020 privilegia
1277 970 1501 1008 commercii
1532 971 1683 1009 civibus

189 1037 267 1075 suis
299 1036 590 1087 reservaverint,
623 1038 832 1087 profecturi
862 1049 1009 1078 sumus,

304 1105 343 1144 Si
374 1106 491 1156 pauci
512 1106 683 1144 Romani
714 1107 775 1143 vel
805 1106 930 1144 Italici
962 1106 1106 1156 negotii
1127 1113 1301 1156 gerentes
1322 1105 1361 1144 in
1382 1107 1479 1144 urbe
1499 1118 1557 1153 ea,
1589 1118 1685 1156 qua-

131 1168 135 1171 ’
188 1186 278 1212 cum
310 1175 447 1212 foedus
484 1175 676 1213 eiusmodi
718 1175 837 1213 ictum
871 1183 969 1221 erat,
1009 1176 1100 1213 sede
1137 1177 1329 1214 collocata
1365 1175 1437 1213 illis
1475 1173 1684 1225 privilegiis

188 1243 412 1289 utebantur,
451 1243 524 1280 hos
562 1243 781 1290 universos,
821 1243 888 1292 qui
924 1244 1064 1281 eodem
1101 1243 1181 1281 iure
1217 1243 1430 1293 praecipuo
1468 1244 1686 1292 eademque

187 1307 346 1347 meliore
383 1308 618 1347 condicione
654 1318 781 1357 erant,
822 1309 921 1348 inter
957 1323 998 1348 se
1037 1310 1220 1359 coniungi
1261 1323 1328 1360 per
1364 1323 1405 1349 se
1440 1310 1683 1362 intellegitur.

188 1378 324 1426 Itaque
353 1377 488 1415 nescio
519 1391 569 1415 an
600 1390 747 1427 ponam
779 1378 842 1416 illa
873 1379 1030 1417 foedera
1062 1390 1151 1416 cum
1182 1380 1322 1417 exteris
1351 1379 1579 1435 civitatibus
1592 1380 1685 1418 inita

189 1445 368 1496 genuisse
398 1459 445 1483 ex
476 1459 516 1484 se
545 1446 690 1495 primas
722 1446 926 1485 societates
958 1447 1099 1485 civium
1122 1449 1396 1486 Romanorum
1418 1448 1684 1498 principiaque

187 1516 325 1552 harum
356 1514 518 1552 inveniri
546 1515 584 1553 in
617 1515 836 1554 civitatibus
868 1516 1073 1554 foederatis
1105 1524 1169 1554 aut
1191 1516 1366 1564 devictis,
1398 1517 1540 1566 quibus
1575 1516 1686 1555 liber·

187 1590 323 1629 tatem,
367 1583 546 1631 quamvis
586 1583 880 1629 circumcisam,
923 1583 1090 1623 victores
1132 1584 1377 1633 reliquerant.
1450 1585 1686 1635 Carthagine

188 1650 292 1689 enim
324 1650 400 1688 iam
432 1651 498 1688 illa
528 1658 671 1698 aetate,
712 1663 789 1700 qua
819 1651 972 1689 tertium
1006 1664 1096 1690 cum
1129 1652 1323 1690 Romanis
1354 1653 1500 1690 bellum
1533 1652 1684 1697 exarsit,

188 1718 314 1757 Italici
352 1717 641 1768 habitabant1),
689 1731 789 1768 quos
826 1719 925 1758 inter
965 1733 1006 1758 se
1046 1720 1295 1759 consociatos
1341 1719 1459 1758 fuisse
1504 1720 1587 1758 illas
1633 1722 1685 1759 ob

189 1800 326 1827 causas
357 1788 507 1838 opinor.
573 1788 774 1838 Syracusis
806 1801 899 1826 vero
940 1788 1017 1826 iam
1056 1789 1299 1838 temporibus
1335 1788 1427 1826 belli
1458 1788 1596 1826 Punici
1627 1801 1684 1826 se-

189 1857 308 1894 cundi
339 1856 519 1903 Italicos,
558 1855 738 1905 quamvis
768 1868 929 1905 paucos,
971 1856 1189 1907 negotiatos
1221 1869 1305 1895 esse
1335 1852 1510 1904 Livius2)
1552 1862 1687 1894 auctor

188 1931 257 1962 est.
308 1926 353 1962 In
384 1923 687 1973 opulentissimis
718 1923 831 1973 igitur
851 1924 1010 1962 urbibus
1041 1925 1245 1963 foederatis
1266 1931 1371 1963 extra
1392 1924 1544 1962 Italiam
1567 1936 1685 1973 nego-

189 1993 344 2030 tiatores
375 2005 422 2030 ac
454 1999 685 2030 mercatores
718 1991 889 2030 Romani
920 1992 1124 2041 Italicique
1164 1992 1243 2030 iam
1284 1993 1552 2031 consistebant
1584 1992 1685 2040 iique

190 2060 429 2107 consociati,
466 2068 507 2098 ut
539 2060 722 2109 equidem
756 2059 930 2107 conicio,
972 2067 1182 2110 antequam
1219 2060 1443 2110 provinciae
1475 2061 1686 2099 constitue-

189 2129 341 2166 bantur.
393 2131 496 2166 Tum
519 2141 610 2166 vero
642 2128 742 2166 intra
768 2129 863 2165 fines
885 2127 1186 2177 provinciarum,
1219 2140 1315 2178 quas
1347 2128 1564 2167 incredibili
1586 2129 1685 2166 cele-

191 2196 302 2234 ritate
332 2196 381 2234 ab
413 2195 556 2234 Italicis
589 2204 801 2247 occupatas
833 2209 916 2236 esse
954 2196 1064 2236 initio
1096 2196 1372 2247 disputationis
1404 2196 1684 2235 demonstravi-

189 2275 294 2311 mus,
337 2265 444 2302 brevi
474 2264 514 2302 in
544 2265 725 2304 omnibus
764 2267 841 2304 fere
872 2267 1028 2316 oppidis
1059 2265 1349 2316 peregrinorum
1382 2265 1524 2303 similes
1566 2264 1686 2302 socie—

191 2339 290 2370 tates
320 2332 553 2373 oriebantur.

305 2489 331 2529 ¹)
358 2487 511 2531 Appian.
537 2487 614 2522 Lib.
642 2491 695 2523 92.

304 2544 332 2587 ²)
358 2544 480 2578 Livius
506 2547 560 2579 29.
591 2548 617 2578 l.
647 2547 704 2579 16:
741 2544 900 2578 »Graeci
923 2557 980 2578 res
1013 2557 1037 2578 a
1069 2545 1290 2589 quibusdam
1320 2544 1476 2576 Italici
1505 2544 1684 2587 yeneris

193 2601 320 2634 eadem
345 2602 398 2639 vi,
430 2612 505 2645 qua
526 2612 597 2646 per
621 2601 750 2635 bellum
776 2607 963 2646 ceperant,
997 2602 1233 2634 retinentibus
1258 2611 1442 2634 concessus
1466 2598 1533 2631 sibi
1559 2598 1605 2631 ab
1630 2610 1682 2631 se-

197 2662 289 2691 natu
314 2657 553 2702 repetebant«
605 2661 649 2701 (a.
675 2660 848 2701 549s215.)

263 2720 409 2747 Berlinex·
429 2721 570 2748 Studien.
609 2721 691 2747 XIV.
730 2722 754 2749 1.
1393 2715 1413 2745 4
