1928 2884
818 119 1098 158 -22-

208 239 272 279 καὶ
303 237 526 289 κατοικία«,
560 240 583 282 i.
617 254 649 283 e.
682 249 900 281 conventus
931 255 978 281 ac
1010 242 1278 290 domicilium,
1321 244 1438 294 plane
1467 254 1714 293 componun-

209 317 285 347 tur.
346 310 476 354 Adde,
509 310 617 359 quod
649 310 815 349 societas
849 312 1157 360 Smyrnaeorum
1187 311 1415 362 Magnesiae
1451 312 1504 350 ad
1535 311 1712 361 Sipylum

212 377 506 416 consistentium
525 378 666 417 eodem
686 380 809 417 modo
835 377 883 432 »ἢ
906 376 1081 425 σύνοδος
1096 376 1416 432 Σμυρναειτῶνα
1442 381 1659 430 appellatur
1669 377 1713 430 l),

210 453 278 484 aut
311 445 520 496 collegium
541 446 754 497 Tyriorum
784 454 1048 486 mercatorum
1080 455 1117 486 et
1148 448 1478 487 naviculariorum
1501 448 1589 487 Deli
1621 461 1714 487 con-

210 513 426 552 sistentium
472 513 520 568 »7⁶7
552 512 726 562 σύνοδος
768 516 846 553 τῶν
895 513 1049 567 Τυρίων
1081 512 1276 569 ἐμπύρων
1308 515 1371 554 καὶ
1404 514 1714 569 ναυκλήριιναῗ)

210 582 336 621 Iidem
378 591 510 622 autem
551 592 788 623 mercatores
830 585 948 623 etiam
989 585 1118 623 verbis
1164 583 1201 622 οἱ
1246 581 1530 631 κατοικοῦντες
1574 586 1635 623 vel
1681 582 1718 622 οἱ

213 648 595 704 παρεπιδημοῦντες
645 648 687 690 ἐν
736 649 857 705 Δήλῳ
903 652 1079 702 plurimis
1137 652 1176 690 in
1232 652 1351 691 titulis
1397 651 1556 691 deliacis
1610 666 1717 692 com-

212 723 489 767 memorantur,
524 721 629 758 velut
658 721 786 770 Tyrii,
821 720 887 770 qui
917 720 1089 759 Puteolis
1121 721 1286 772 collegio
1316 722 1414 759 intet
1445 734 1486 760 se
1517 721 1718 760 coniuncti

212 789 522 840 negotiabantur,
556 787 593 826 οἱ
619 786 663 827 ἐν
685 785 895 834 Ποτιόλοις
915 789 1197 835 κατοικοῦντες
1218 789 1472 828 nominantur
1482 787 1527 839 3).
1575 791 1719 828 Nonne

212 858 329 908 igitur
350 857 556 896 societates
575 858 785 908 Tyriorum
807 858 913 907 apud
937 865 1089 896 exteras
1110 859 1290 896 nationes
1312 858 1573 896 habitantium
1595 859 1718 896 modo

220 923 431 964 »σύνοδοκι
468 926 590 964 modo
613 925 707 964 socii
729 938 862 964 earum
900 923 1063 978 »Τύριοι
1095 924 1131 963 οἱ
1162 926 1470 971 κατοικοῦντες«
1506 927 1719 965 vocantur?

218 992 352 1042 Quid?
383 995 482 1032 haec
512 996 631 1032 verba
661 1007 792 1033 nonne
824 995 963 1033 eadem
1004 995 1042 1033 vi
1074 1003 1162 1034 sunt
1192 1009 1240 1033 ac
1280 986 1402 1034 latina
1447 1000 1715 1033 »conventus«

216 1067 254 1099 et
288 1059 603 1099 »consistentes«
622 1059 639 1098 ?
689 1062 769 1100 Cur
789 1063 949 1100 tandem
971 1064 1049 1101 hoc
1070 1076 1216 1102 nomen
1238 1070 1454 1101 conventus
1475 1075 1557 1102 non
1578 1063 1721 1102 eodem

218 1130 340 1167 modo
381 1142 427 1167 ac
466 1129 561 1168 illud
597 1128 822 1180 graecum4)
861 1131 1037 1170 adhiberi
1069 1131 1243 1182 potuisse
1282 1132 1510 1182 putabimus
1551 1132 1604 1171 ad
1641 1133 1722 1170 col-

219 1198 398 1248 ligendos
430 1211 565 1236 omnes
599 1199 739 1236 eodem
770 1198 810 1236 in
847 1200 938 1237 loco
980 1201 1239 1238 consistentes
1271 1201 1500 1239 Romanos?
1561 1201 1723 1251 Optime

221 1275 352 1305 autem
382 1268 482 1305 haec
512 1266 581 1305 illo
613 1267 726 1305 titulo
748 1268 988 1305 Mascululae
1020 1267 1180 1307 invento
1211 1270 1532 1319 comprobantur,
1563 1269 1631 1308 ubi
1663 1269 1722 1306 di-

221 1335 320 1374 citur
368 1340 666 1374 »conventus
707 1333 857 1373 civium
894 1333 1180 1373 Romanorum
1224 1341 1260 1373 et
1296 1333 1605 1386 Numidarum,
1648 1334 1722 1390 qai

222 1401 488 1442 Mascululae
520 1401 795 1443 habitant«.

335 1475 420 1511 Iam
451 1486 545 1511 vero
577 1473 886 1521 consideremus,
920 1486 1020 1523 quae
1052 1474 1128 1512 sint
1158 1474 1334 1513 omnium
1373 1473 1722 1525 congregationum

222 1541 415 1580 eiusmodi
447 1541 602 1591 propria
633 1542 857 1591 quibusque
887 1542 1191 1581 condicionibus
1223 1543 1363 1581 eadem
1391 1542 1616 1583 exstiterint.

336 1612 468 1659 Atque
498 1609 612 1656 illud,
655 1611 764 1659 quod
802 1610 878 1648 iam
911 1608 1179 1659 Mommsen5)
1218 1611 1469 1649 statuendum
1509 1623 1593 1649 esse
1633 1623 1724 1649 cen-

223 1679 343 1726 sebat,
376 1677 527 1715 retineri
555 1689 715 1715 necesse
737 1685 815 1715 est:
850 1686 1066 1716 conventus
1087 1678 1230 1716 civium
1253 1681 1527 1717 Romanorum
1560 1679 1653 1717 solis
1683 1678 1722 1717 in

221 1748 320 1785 locis
361 1754 427 1784 aut
467 1746 712 1796 regionibus,
754 1746 900 1796 quibus
939 1746 1074 1785 civitas
1111 1749 1296 1786 Romana
1335 1760 1418 1786 non
1457 1755 1558 1797 erat,
1605 1748 1724 1787 condi

338 1894 364 1936 1)
391 1892 488 1927 CIGr
512 1894 612 1927 3408.

337 1949 366 1993 2)
392 1948 490 1983 CIGr
519 1948 626 1992 22713
667 1948 759 1983 Bull.
793 1948 836 1982 de
869 1959 938 1983 cor.
972 1948 1065 1983 Hell.
1097 1949 1149 1982 HI
1180 1959 1213 1992 p.
1244 1949 1312 1984 374
1343 1949 1385 1984 cf.
1418 1949 1526 1984 etiam
1556 1949 1642 1984 ibid.
1673 1950 1726 1984 XI

222 2018 255 2051 p.
273 2010 341 2042 249
366 2011 401 2041 et
425 2017 458 2049 p.
477 2009 553 2041 252.

337 2065 364 2107 3)
390 2063 487 2098 CIGr
513 2066 602 2099 5853
628 2073 658 2097 a.
680 2064 745 2098 174
770 2075 803 2107 p.
823 2063 904 2097 Chr.
930 2075 963 2098 n.
1013 2063 1056 2098 cf.
1082 2063 1298 2107 Mommsen,
1324 2063 1492 2098 Berichte
1518 2063 1582 2098 der
1607 2064 1722 2099 sachs.

224 2121 419 2157 Gesellsch.
448 2120 479 2154 d.
506 2121 729 2155 Wissensch.
755 2121 789 2154 II
815 2123 930 2165 (1850)
956 2132 989 2164 p.
1007 2122 1068 2165 573
1093 2121 1239 2165 Beloch,
1266 2121 1485 2165 Campanien
1511 2131 1544 2165 p.
1566 2124 1641 2156 119.

337 2180 365 2222 4)
392 2179 515 2213 eadem
540 2188 608 2212 vox
634 2189 764 2222 graeca
791 2178 899 2213 etiam
925 2178 1018 2213 sicut
1042 2178 1156 2213 latina
1189 2184 1424 2212 »conventus«
1459 2183 1658 2223 usurpatur
1686 2179 1724 2214 in

222 2236 299 2270 iure
326 2235 475 2270 dicendo
502 2235 544 2270 cf.
571 2236 639 2270 Dio
666 2236 847 2280 Chrysost.
872 2236 907 2270 II
931 2247 964 2280 p.
983 2239 1026 2271 68
1040 2236 1081 2270 R.

337 2294 364 2336 5)
390 2293 510 2327 Herm⁴
537 2293 622 2327 XVI
647 2304 680 2337 p.
699 2295 776 2338 474,
803 2293 864 2328 ubi
890 2293 945 2327 vir
976 2293 1202 2328 doctissimus
1234 2293 1324 2327 haec
1349 2293 1457 2327 verba
1481 2293 1583 2329 facit:
1628 2296 1726 2339 »jone

227 2355 423 2384 conventus
440 2351 573 2384 civium
591 2351 854 2385 Romanorum
880 2351 967 2384 sind
992 2351 1064 2384 das
1081 2351 1265 2396 Eryebnis
1290 2352 1357 2384 wie
1380 2351 1453 2385 das
1468 2350 1726 2386 Kennzeichen

224 2408 289 2441 der
321 2408 533 2453 politischen
559 2408 811 2453 Suprematie,
846 2409 972 2443 welche
999 2409 1069 2442 den
1095 2409 1274 2454 Biirgyern
1300 2409 1366 2442 der
1390 2408 1630 2454 reyierenden
1658 2408 1726 2442 Ge-

223 2465 366 2498 meinde
400 2467 439 2499 in
471 2465 553 2499 dem
584 2477 727 2510 yamen
759 2477 829 2499 von
861 2466 918 2498 ilm-
950 2467 1130 2510 regn'erten
1165 2465 1308 2499 Gebiete
1340 2466 1490 2505 zadram,
1525 2465 1605 2499 und
1635 2477 1726 2499 man

224 2524 327 2556 kann
352 2523 420 2556 mit
443 2528 566 2568 yutem
594 2522 750 2556 Grzmde
782 2523 853 2556 den
879 2522 967 2556 Sat:
998 2522 1210 2565 aufstellen‚
1243 2522 1331 2564 dorsis·
1363 2523 1421 2555 ein
1453 2528 1649 2556 conventus
1679 2524 1726 2557 ci-

224 2580 324 2613 vium
353 2579 616 2613 Romanorum
641 2580 849 2624 iiber-haupt
880 2591 954 2613 nur
984 2580 1158 2623 stattlmft
1182 2580 1229 2613 ist
1253 2581 1292 2613 in
1318 2580 1417 2613 einer
1446 2578 1645 2614 Gemeinde
1667 2592 1727 2626 ye-

224 2637 395 2681 rinyeren
419 2637 588 2672 Rechts«.
