1907 2905
143 246 326 295 potuisse.
389 245 465 284 Sed
495 244 614 283 etiam
645 244 685 282 in
715 245 875 284 urbibus
914 245 1021 284 latini
1049 246 1142 285 iuris
1175 246 1278 285 cives
1309 249 1515 286 Romanos
1547 261 1640 287 con-

145 314 275 353 sistere
305 313 437 352 solitos
458 326 542 352 esse
572 325 787 363 eorumque
809 322 1027 353 conventus
1057 316 1189 353 locum
1210 315 1392 354 habuisse
1413 328 1528 365 nego,
1564 328 1643 366 qua

144 383 183 420 in
212 395 252 421 re
283 381 532 420 doctissimus
571 381 633 419 ille
662 381 720 419 vir
759 381 865 419 aliud
906 382 1031 421 sentit.
1094 384 1197 420 Nam
1240 382 1336 421 illud
1375 384 1642 433 potissimum,

144 452 252 501 quod
282 451 364 500 ipse
394 454 551 500 premit,
584 452 845 501 reputandum
877 460 952 499 est,
987 452 1090 491 cives
1122 455 1325 491 Romanos
1356 453 1395 491 in
1426 451 1643 503 provinciis

142 518 239 557 inter
267 520 490 570 peregrinos
521 533 671 570 semper
703 533 791 559 eam
823 522 876 559 ob
905 533 1063 560 causam
1095 521 1194 560 inter
1216 534 1255 560 se
1278 521 1509 559 coniunctos
1531 532 1640 558 suam

141 589 423 640 rempublicam
454 589 645 640 effecisse,
687 589 778 639 quia
817 590 1030 641 praecipuo
1067 590 1147 629 iure
1185 590 1395 639 multisque
1434 588 1642 639 privilegiis

141 665 293 707 praeter
322 665 469 696 ceteros
498 659 723 699 fruerentur.
776 660 898 708 Atqui
929 659 968 697 in
1000 659 1156 709 oppidis
1186 657 1317 697 latinis
1339 657 1442 696 cives
1466 657 1638 695 Romani

141 727 192 764 ab
222 726 431 776 oppidanis
462 727 566 764 nulla
597 728 673 765 fere
703 739 744 765 re
775 729 1088 778 segregabantur,
1123 728 1215 777 quia
1236 726 1443 776 praecipue
1467 727 1538 763 sub
1568 726 1643 763 im-

141 794 382 844 peratoribus
415 794 511 832 civis
542 795 704 833 Latinus
736 802 854 845 atque
885 795 982 833 civis
1013 797 1218 833 Romanus
1260 795 1400 832 eodem
1441 794 1520 831 fere
1561 793 1642 831 iure

141 861 293 911 privato
324 861 584 910 utebanturl).
635 863 712 900 His
743 862 857 912 igitur
887 861 926 900 in
953 862 1115 900 urbibus
1137 862 1309 901 Romani
1340 861 1492 900 incolae
1522 861 1640 899 fuisse

142 930 374 978 eodemque,
397 941 478 979 quo
500 930 607 968 latini
628 930 791 977 incolae,
816 931 906 968 loco
927 930 1047 968 habiti
1071 944 1153 969 esse
1173 925 1409 978 videntur2).
1461 928 1638 975 Accedit,

142 997 263 1047 quod,
297 996 329 1035 si
360 997 400 1035 in
431 997 647 1048 municipio
677 1006 745 1036 aut
776 997 930 1036 colonia
961 998 1071 1037 latini
1101 998 1192 1036 iuris
1230 1004 1311 1036 erat
1341 1004 1558 1035 conventus
1589 995 1642 1034 ci-

141 1064 248 1103 vium
280 1067 567 1115 Romanorum,
599 1065 698 1103 mira
729 1065 923 1115 quaedam
962 1066 1060 1104 ratio
1099 1065 1210 1104 fuerit
1249 1077 1408 1104 necesse
1445 1071 1503 1102 est
1542 1063 1640 1102 inter

140 1135 346 1171 Romanos
377 1133 632 1171 consistentes
663 1140 781 1187 atque
812 1145 878 1171 eos
911 1132 1016 1171 cives
1047 1133 1173 1180 urbis,
1212 1133 1279 1182 qui
1309 1132 1524 1171 honoribus
1554 1144 1640 1181 per—

140 1200 263 1238 functi
294 1200 490 1239 civitatem
522 1203 748 1239 Romanam
780 1200 913 1250 adepti
943 1208 1011 1239 aut
1041 1201 1219 1251 adepturi
1248 1208 1368 1248 erant,
1401 1199 1493 1249 quia
1512 1199 1552 1236 hi
1573 1206 1638 1237 aut

141 1275 249 1305 extra
279 1269 507 1306 societatem
539 1280 692 1315 eorum,
732 1268 966 1317 quibuscum
1004 1268 1116 1307 unius
1149 1268 1239 1307 iuris
1270 1276 1390 1316 erant,
1422 1279 1635 1314 remanere,

139 1343 206 1373 aut
237 1335 352 1374 simul
382 1336 438 1374 illi
471 1344 590 1385 atque
629 1336 846 1386 municipio
886 1348 958 1375 suo
997 1336 1169 1375 adscribi
1209 1334 1461 1386 debebant3).
1524 1337 1638 1385 Quae

139 1403 171 1442 si
200 1403 452 1454 respicimus,
494 1404 610 1442 etiam
642 1416 689 1442 ex
720 1417 766 1442 ea
795 1417 857 1451 re,
901 1405 1010 1454 quod
1041 1417 1087 1443 ex
1117 1405 1312 1455 Hispania
1352 1413 1468 1455 atque
1510 1404 1638 1443 Gallia

138 1472 400 1519 Narbonensi,
432 1471 471 1510 in
503 1472 644 1522 quibus
674 1471 888 1522 provinciis
917 1472 1059 1522 partim
1090 1472 1167 1510 iam
1199 1480 1365 1511 exeunte
1395 1473 1521 1523 primo
1554 1485 1636 1510 sae-

139 1541 228 1578 culo
258 1548 348 1578 ante
380 1541 470 1580 Chr.
504 1553 542 1578 n.
583 1554 652 1590 per
683 1542 806 1579 multa
845 1540 993 1590 oppida
1034 1540 1091 1579 ius
1122 1543 1349 1579 Romanum
1382 1542 1443 1579 vel
1484 1539 1637 1590 saepius

136 1608 298 1646 latinum
331 1620 402 1647 usu
433 1616 632 1658 receptum
663 1616 757 1655 erat,
789 1609 930 1658 partim
951 1608 1079 1658 primo
1110 1609 1265 1647 saeculo
1295 1608 1536 1659 principatus
1569 1621 1636 1646 ex-

137 1683 282 1714 tremae
311 1683 437 1726 partes
467 1677 565 1715 illud
592 1685 838 1727 acceperant,
871 1678 1020 1716 nullum
1042 1685 1192 1727 praeter
1212 1689 1334 1715 unum
1356 1677 1522 1723 titulum,
1555 1688 1634 1726 quo

136 1752 354 1783 conventus
377 1745 522 1783 civium
544 1747 816 1784 Romanorum
839 1753 1181 1793 commemoretur,
1215 1752 1408 1784 servatum
1429 1746 1632 1792 habemus,

134 1812 272 1850 eadem
306 1813 492 1851 concludi
522 1825 639 1863 posse
670 1814 801 1852 credo.
855 1814 936 1853 Ubi
967 1821 1097 1852 tamen
1128 1814 1168 1852 in
1198 1813 1319 1852 latina
1351 1812 1508 1852 civitate
1540 1825 1635 1851 con-

135 1887 295 1918 ventum
326 1880 582 1928 inveniamus,
614 1882 720 1920 hunc
750 1882 869 1920 fuisse
898 1882 938 1920 in
959 1881 1163 1920 recondita
1183 1881 1340 1932 regione
1361 1888 1427 1919 aut
1456 1881 1496 1918 in
1516 1887 1631 1931 gente

82 1938 311 1998 „f‘barbarix
336 1954 453 1996 atque
483 1948 737 1987 humanitatis
778 1949 983 1998 cultusque
1013 1948 1186 1987 Romani
1227 1956 1381 2000 experte
1417 1948 1630 1999 apparebit.

76 2001 82 2009 ¹
134 2015 210 2053 His
240 2022 393 2062 autem,
436 2027 538 2065 quae
569 2015 804 2066 excipienda
835 2023 945 2065 sunt,
982 2016 1188 2067 exemplis,
1229 2029 1396 2067 quorum
1438 2017 1517 2055 duo
1549 2018 1633 2055 sola

248 2171 274 2214 l)
300 2169 343 2204 cf.
369 2169 489 2205 Herm.
508 2170 593 2204 XIX
618 2182 651 2215 p.
670 2172 723 2207 78.

245 2227 273 2270 2)
298 2227 388 2261 Vide
419 2227 519 2262 illum
551 2228 666 2262 locum
697 2228 787 2272 legis
819 2228 997 2273 Malacit.,
1035 2229 1095 2263 ubi
1133 2229 1253 2273 agitur
1283 2229 1326 2264 de
1358 2229 1435 2264 iure
1468 2228 1629 2272 suffragii

132 2284 279 2328 ferendi,
305 2284 400 2328 quod
425 2285 551 2320 incolis
576 2286 733 2320 romanis
758 2291 865 2330 atque
891 2286 1012 2321 latinis
1039 2292 1116 2321 erat
1142 2286 1232 2330 (CIL
1255 2287 1290 2321 11
1318 2289 1413 2322 1964.
1439 2287 1455 2320 I
1479 2289 1546 2331 44).

244 2342 273 2386 3)
298 2342 506 2387 Mommsen,
534 2343 595 2386 qui
614 2353 654 2377 eo
681 2343 769 2388 loco,
796 2343 855 2378 ubi
874 2348 1084 2378 conventum
1102 2344 1326 2378 Helveticum
1351 2343 1462 2378 fuisse
1489 2344 1524 2377 in
1543 2344 1626 2378 civi-

131 2402 204 2432 tate
229 2399 332 2434 latini
358 2400 446 2435 iuris
477 2401 720 2436 demonstrare
753 2407 902 2436 conatus
931 2408 985 2436 est
1009 2402 1142 2445 (Herm.
1168 2402 1251 2436 XVI
1277 2413 1309 2446 p.
1327 2402 1417 2446 478),
1444 2401 1530 2435 illud
1555 2402 1626 2444 pri-

129 2466 224 2489 mum
250 2456 427 2501 opinatur,
452 2457 542 2492 haec
569 2458 731 2493 adnotat:
777 2459 871 2493 »Die
896 2460 1010 2493 kleine
1033 2459 1332 2505 Unyenauiykeit,
1367 2460 1454 2500 dqsls·
1479 2458 1626 2502 cliejeni-

132 2523 201 2557 9en
227 2513 319 2546 cives
339 2513 528 2554 Helvetici,
555 2514 614 2549 die
634 2516 842 2561 pers-Onlz'ch
868 2517 939 2551 das
963 2518 1134 2551 romische
1153 2518 1399 2562 Biiryerreclzt
1425 2516 1623 2555 erman-beu,

134 2569 200 2603 der
238 2576 388 2605 curator
426 2572 560 2606 civium
591 2573 853 2608 Romanorum
890 2579 1085 2608 conventus
1118 2574 1295 2608 Helveticz'
1332 2572 1621 2607 wahrscloez'nlielz

130 2626 246 2661 nicht-9
269 2628 424 2673 anyiny,
450 2628 544 2674 yiebt
568 2630 696 2664 keinen
720 2631 904 2672 Anscoss.«
