1844 2915
780 143 1030 181 -7-

161 273 389 318 argumento
420 277 578 316 quoque
608 278 655 303 ex
683 265 748 303 illa
778 277 877 303 voce
911 261 1080 302 »Italici
1098 260 1344 314 (Ἰταλικοί)«
1381 271 1536 314 sumpto
1565 277 1658 303 con-

164 338 316 374 firmare
346 342 510 373 conatus
541 341 620 381 est,
661 346 760 383 quae
791 347 868 371 vox
899 334 949 371 ad
983 332 1261 383 significandos
1291 332 1440 371 incolas
1470 346 1516 370 ex
1548 332 1658 370 Italia

160 411 266 442 ortos
296 409 334 441 et
365 403 403 440 in
433 402 551 441 titulis
582 414 807 453 graecarum
839 401 1006 451 partium
1047 400 1197 450 imperii
1228 408 1264 439 et
1305 402 1408 450 apud
1451 401 1657 450 scriptores

159 484 250 510 cum
280 470 422 508 latinos
451 478 533 508 tum
564 483 727 520 graecos
759 482 943 519 persaepe
973 468 1175 508 invenitur.
1238 469 1360 517 Quod
1390 468 1447 506 vir
1478 468 1657 507 doctissi-

159 551 246 577 mus
277 539 419 577 eodem
451 537 585 587 loco¹)
628 550 706 587 qua
742 538 891 576 ratione
931 539 1036 576 hanc
1075 537 1400 588 significationem
1432 538 1656 576 Italicorum

158 614 291 646 natam
323 620 406 646 esse
435 614 554 656 putet,
586 606 895 656 praeclarissime
927 606 1118 656 exposuit,
1152 606 1280 656 primo
1312 619 1335 643 a
1362 605 1472 643 victis
1495 606 1655 644 Graecis

157 675 324 713 victores
365 672 421 713 sie
461 676 676 724 appellatos
716 687 822 722 esse,
863 683 1000 725 postea
1038 674 1206 713 victores
1242 673 1371 724 ipsos,
1419 681 1460 711 ut
1504 673 1656 723 saepius

158 743 287 782 multis
317 743 356 781 in
386 743 504 781 rebus
536 756 602 782 eos
633 743 770 782 fecisse
801 742 1043 794 accepimus,
1088 742 1179 780 huic
1211 741 1487 780 consuetudini
1519 754 1559 780 se
1591 755 1656 779 ac-

158 812 446 858 commodasse,
478 811 592 850 nobis
624 823 784 861 quoque
813 812 1019 860 probatur,
1052 809 1277 860 praesertim
1310 821 1399 847 cum
1435 822 1513 847 non
1546 809 1656 859 igno—

156 891 284 918 remus
314 892 511 927 nummos,
545 892 756 925 mensuras,
794 880 969 928 pondera
990 878 1125 916 omnia
1145 891 1168 915 a
1189 878 1381 916 Romanis
1403 878 1510 927 apud
1533 878 1656 916 Grae-

157 961 226 986 cos
256 948 464 998 importata
494 960 646 997 semper
676 955 761 986 toto
796 947 956 985 Oriente
986 959 1067 985 non
1090 949 1273 984 Romana
1303 947 1372 985 sed
1403 946 1540 984 Italica
1570 957 1655 983 esse

157 1012 415 1061 nominata2).
470 1016 548 1054 Sed
578 1015 691 1054 nobis
723 1015 1045 1054 verisimillimum
1078 1015 1231 1053 videtur
1261 1015 1339 1053 hoc
1367 1013 1525 1052 nomine
1547 1025 1654 1051 com-

156 1085 370 1133 prehensos
401 1097 485 1121 esse
516 1085 566 1122 ab
595 1083 667 1121 illis
700 1096 836 1121 omnes
867 1095 946 1129 eos,
980 1082 1045 1131 qui
1077 1082 1290 1131 praecipuo
1321 1081 1402 1119 iure
1431 1088 1546 1129 atque
1576 1079 1649 1128 pri-

157 1153 303 1203 vilegiis
333 1153 465 1190 multis
497 1153 716 1201 eademque
746 1158 855 1190 veste
886 1150 1060 1189 exornati
1098 1163 1146 1188 ex
1176 1149 1286 1187 Italia
1327 1148 1533 1187 veniebant
1570 1160 1651 1184 om·

157 1220 275 1269 nique
314 1233 438 1270 paene
479 1219 717 1258 commercio
759 1218 1026 1268 potiebantur,
1070 1217 1094 1254 i.
1133 1229 1164 1254 e.
1207 1223 1362 1266 togatos
1405 1218 1529 1264 solos,
1574 1231 1654 1256 non

158 1301 316 1334 omnes,
350 1287 590 1337 quicumque
621 1300 669 1325 ex
701 1288 813 1325 Italia
844 1286 1184 1336 immigraverant3
1222 1284 1382 1322 Italicos
1413 1284 1529 1334 igitur
1558 1286 1653 1324 nihil

156 1355 260 1393 aliud
291 1369 339 1394 ac
367 1368 512 1394 nomen
544 1356 706 1392 alterum
735 1360 958 1403 togatorum
990 1352 1094 1401 apud
1119 1352 1293 1389 Graecos
1325 1350 1506 1388 usitatum
1538 1352 1654 1390 fuisse

154 1423 471 1462 iudicaverimus.
533 1422 653 1471 Quod
686 1422 800 1460 valde
837 1422 1090 1459 confirmatur
1126 1421 1216 1457 loco
1250 1417 1544 1467 Sallustiano3),
1581 1421 1648 1459 ubi

155 1491 282 1529 eidem
313 1491 490 1530 homines
520 1504 568 1529 ex
608 1490 718 1529 Italia
750 1489 882 1528 Cirtae
919 1487 1176 1527 consistentes
1217 1496 1254 1526 et
1295 1487 1416 1538 togati
1448 1495 1484 1526 et
1523 1488 1649 1527 Italici

155 1561 407 1610 appellantur.
468 1561 606 1609 Neque
643 1571 734 1596 vero
773 1558 867 1596 illud
904 1556 1179 1607 negligendum
1219 1563 1296 1602 est,
1340 1556 1448 1605 quod
1479 1556 1650 1594 Romani

156 1635 274 1677 atque
303 1627 446 1675 Italici,
479 1640 578 1677 quos
608 1628 686 1665 hoc
714 1626 874 1665 nomine
904 1626 1142 1676 significatos
1173 1637 1256 1662 esse
1287 1637 1359 1662 nos
1391 1624 1547 1674 quidem
1580 1638 1648 1674 pu-

156 1703 296 1742 tamus,
329 1707 530 1745 nunquam
563 1696 698 1734 urbem
729 1695 911 1733 locumve
942 1706 1044 1741 eum,
1078 1706 1123 1731 ex
1154 1705 1234 1742 quo
1265 1692 1456 1743 originem
1487 1693 1648 1740 ducunt,

272 1866 297 1906 l)
323 1863 486 1898 St.R.111
511 1874 543 1907 p.
562 1866 638 1898 648.

271 1921 298 1965 2)
323 1921 519 1955 Mommsen
544 1919 566 1953 l.
591 1919 613 1953 l.
640 1923 675 1953 et
698 1919 817 1953 Herm.
843 1918 908 1952 vol.
927 1918 1014 1952 XXI
1040 1929 1071 1962 p.
1090 1919 1155 1952 411
1173 1927 1248 1960 sqq.

271 1978 299 2021 3)
324 1977 404 2012 bell.
430 1977 512 2020 Jug.
539 1979 594 2011 21.
612 1979 643 2011 3.
671 1980 705 2010 et
729 1979 783 2010 26.
805 1979 832 2010 1.
851 1979 881 2010 3.
907 1975 951 2009 cf.
977 1974 1084 2009 etiam
1110 1974 1269 2018 Appiani
1295 1973 1490 2007 Mith1·.22.
1518 1978 1552 2006 et
1578 1972 1648 2006 Cic.

157 2045 220 2080 pro
238 2035 368 2069 Flacco
386 2037 440 2070 25.
459 2037 512 2069 61.
551 2033 616 2067 Ille
641 2033 904 2067 multitudinem
923 2032 1163 2066 Romanorum
1189 2031 1436 2074 sociorumque
1461 2029 1562 2064 latini
1588 2039 1649 2062 no-

156 2092 274 2136 minis,
300 2091 361 2135 qui
386 2091 421 2124 in
448 2091 537 2124 Asia
561 2089 783 2124 Mithridatis
810 2094 898 2124 nutu
925 2087 1095 2123 trucidati
1121 2092 1233 2131 erant,
1259 2087 1422 2131 Italicos,
1449 2086 1571 2120 Cicero
1599 2090 1649 2119 to-

156 2153 257 2192 gatos
283 2147 470 2192 significat.
519 2147 626 2191 Apud
657 2147 752 2181 hunc
784 2157 911 2181 nomen
943 2150 1144 2189 togatorum
1179 2144 1286 2178 etiam
1320 2150 1400 2188 post
1433 2144 1562 2177 bellum
1596 2153 1649 2176 so-

157 2205 245 2240 ciale
272 2205 308 2239 in
334 2215 400 2239 usu
427 2209 520 2249 erat,
553 2204 598 2238 cf.
632 2204 668 2238 in
693 2205 795 2238 Verr.
822 2204 843 2237 l.
868 2203 901 2237 11
927 2205 980 2237 62.
1011 2205 1091 2237 153:
1138 2202 1230 2235 »sive
1261 2207 1425 2246 copiatum
1451 2202 1524 2233 sive
1549 2200 1648 2233 Sicu-

157 2262 273 2301 lum‹,·
297 2261 380 2296 ibid.
407 2264 460 2296 63.
490 2264 570 2296 154:
616 2267 666 2294 »et
690 2261 822 2295 Siculis
846 2261 878 2294 'et
903 2260 1079 2305 toyatz's‹,·
1110 2261 1163 2293 69.
1193 2260 1257 2293 166
1283 2263 1347 2291 cot.
1397 2257 1515 2300 Atque
1543 2256 1648 2290 etiam

156 2319 219 2353 illa
249 2319 357 2352 verba
387 2317 567 2352 afferenda
601 2325 683 2352 sunt
714 2318 749 2351 in
783 2318 881 2351 Verr.
914 2317 934 2351 l.
960 2317 990 2350 V
1023 2319 1075 2351 60.
1112 2317 1192 2350 157:
1237 2316 1319 2359 »qui
1349 2314 1455 2357 (cives
1487 2313 1648 2355 Romani)

158 2375 265 2420 apud
295 2375 475 2409 barbaro-⁶3
500 2381 656 2421 propter
689 2380 796 2420 toyae
826 2386 957 2408 nomen
987 2375 1025 2407 in
1059 2374 1192 2406 honore
1223 2372 1349 2415 aliquo
1376 2372 1566 2414 fuissent«.
1604 2389 1645 2393 —

157 2432 253 2466 Inter
279 2441 424 2475 graecos
450 2437 484 2467 et
509 2432 638 2466 latinos
664 2431 857 2475 scriptores
875 2430 964 2464 haec
990 2435 1044 2464 est
1069 2429 1176 2463 ratio:
1204 2427 1299 2471 apud
1325 2426 1404 2460 illos
1429 2437 1567 2469 semper
1588 2435 1647 2459 no-

158 2499 237 2523 men
263 2489 467 2523 Italicorum
492 2495 697 2532 usurpatur,
723 2488 818 2533 apud
837 2489 901 2522 hos
920 2487 1128 2531 plerumque
1155 2490 1367 2527 togatorum,
1394 2483 1454 2517 sed
1475 2492 1648 2516 nonnum-

159 2555 264 2589 quam
290 2545 395 2579 etiam
412 2545 628 2590 Italicorum,
654 2555 760 2589 quam
779 2555 897 2579 vocem
923 2544 959 2577 in
977 2554 1097 2578 eorum
1116 2542 1236 2585 libros,
1263 2541 1322 2575 ubi
1341 2551 1385 2574 ex
1402 2540 1499 2573 fonte
1519 2547 1646 2581 graeco

156 2601 369 2646 hauserunt,
394 2602 582 2646 irrepsisse
607 2602 727 2637 nescio
753 2612 798 2635 an
824 2601 986 2636 conicere
1012 2600 1141 2641 liceat,
1167 2598 1263 2631 velut
1288 2597 1381 2640 apud
1410 2595 1559 2634 Livium,
1589 2593 1646 2626 uhi

157 2657 342 2703 Polybium
367 2664 509 2693 secutus
535 2664 599 2693 est.
